@Article{Jaffe:2002pj,
     author    = "Jaffe, Robert L.",
     title     = "Open questions in high energy spin physics",
     journal   = "Int. J. Mod. Phys.",
     volume    = "A18",
     year      = "2003",
     pages     = "1141-1152",
     eprint    = "hep-ph/0201068",
     SLACcitation  = "%%CITATION = HEP-PH 0201068;%%"
}

@Article{Kotzinian:2006dw,
     author    = "Kotzinian, A. and Parsamyan, B. and Prokudin, A.",
     title     = "Predictions for double spin asymmetry A(LT) in semi
                  inclusive DIS",
     journal   = "Phys. Rev.",
     volume    = "D73",
     year      = "2006",
     pages     = "114017",
     eprint    = "hep-ph/0603194",
     SLACcitation  = "%%CITATION = HEP-PH 0603194;%%"
}

@Article{Bacchetta:2002tk,
     author    = "Bacchetta, A. and Kundu, R. and Metz, A. and Mulders, P. J.
                  ",
     title     = "Estimate of the Collins fragmentation function in a chiral
                  invariant  approach",
     journal   = "Phys. Rev.",
     volume    = "D65",
     year      = "2002",
     pages     = "094021",
     eprint    = "hep-ph/0201091",
     SLACcitation  = "%%CITATION = HEP-PH 0201091;%%"
}

@Article{Abe:2005zx,
     author    = "Abe, K. and others",
 collaboration = "Belle",
     title     = "Measurement of azimuthal asymmetries in inclusive
                  production of hadron  pairs in e+ e- annihilation at
                  Belle",
     journal   = "Phys. Rev. Lett.",
     volume    = "96",
     year      = "2006",
     pages     = "232002",
     eprint    = "hep-ex/0507063",
     SLACcitation  = "%%CITATION = HEP-EX 0507063;%%"
}

@Article{Kim:1996vk,
     author    = "Kim, Hyun-Chul and Polyakov, Maxim V. and Goeke, Klaus",
     title     = "Tensor Charges of the Nucleon in the SU(3) Chiral Quark
                  Soliton Model",
     journal   = "Phys. Lett.",
     volume    = "B387",
     year      = "1996",
     pages     = "577-581",
     eprint    = "hep-ph/9604442",
     SLACcitation  = "%%CITATION = HEP-PH 9604442;%%"
}
@Article{Leader:1999rh,
     author    = "Leader, Elliot and Sidorov, Aleksander V. and Stamenov,
                  Dimiter B.",
     title     = "A new study of the polarized parton densities in the
                  nucleon",
     journal   = "Phys. Lett.",
     volume    = "B462",
     year      = "1999",
     pages     = "189-194",
     eprint    = "hep-ph/9905512",
     SLACcitation  = "%%CITATION = HEP-PH 9905512;%%"
}
@Article{Ralston:1979ys,
     author    = "Ralston, John P. and Soper, Davison E.",
     title     = "PRODUCTION OF DIMUONS FROM HIGH-ENERGY POLARIZED PROTON
                  PROTON COLLISIONS",
     journal   = "Nucl. Phys.",
     volume    = "B152",
     year      = "1979",
     pages     = "109",
     SLACcitation  = "%%CITATION = NUPHA,B152,109;%%"
}
@Article{Kotzinian:1999dy,
     author    = "Kotzinian, A. M. and Oganesian, K. A. and Avakian, H. R.
                  and De Sanctis, E.",
     title     = "Single target-spin asymmetries in semi-inclusive pion
                  electroproduction  on longitudinally polarized protons",
     year      = "1999",
     eprint    = "hep-ph/9908466",
     SLACcitation  = "%%CITATION = HEP-PH 9908466;%%"
}
@Article{Goeke:2005hb,
     author    = "Goeke, K. and Metz, A. and Schlegel, M.",
     title     = "Parameterization of the quark-quark correlator of a spin-
                  1/2 hadron",
     journal   = "Phys. Lett.",
     volume    = "B618",
     year      = "2005",
     pages     = "90-96",
     eprint    = "hep-ph/0504130",
     SLACcitation  = "%%CITATION = HEP-PH 0504130;%%"
}

@Article{Goeke:2003az,
     author    = "Goeke, K. and Metz, A. and Pobylitsa, P. V. and Polyakov,
                  M. V.",
     title     = "Lorentz invariance relations among parton distributions
                  revisited",
     journal   = "Phys. Lett.",
     volume    = "B567",
     year      = "2003",
     pages     = "27-30",
     eprint    = "hep-ph/0302028",
     SLACcitation  = "%%CITATION = HEP-PH 0302028;%%"
}

@Article{Efremov:2004tp,
     author    = "Efremov, A. V. and Goeke, K. and Menzel, S. and Metz, A.
                  and Schweitzer, P.",
     title     = "Sivers effect in semi-inclusive DIS and in the Drell-Yan
                  process",
     journal   = "Phys. Lett.",
     volume    = "B612",
     year      = "2005",
     pages     = "233-244",
     eprint    = "hep-ph/0412353",
     SLACcitation  = "%%CITATION = HEP-PH 0412353;%%"
}

@Article{Efremov:2004hz,
     author    = "Efremov, A. V. and Goeke, K. and Schweitzer, P.",
     title     = "Transversity distribution in spin asymmetries in semi-
                  inclusive DIS and  in the Drell-Yan process",
     journal   = "Czech. J. Phys.",
     volume    = "55",
     year      = "2005",
     pages     = "A189-A208",
     eprint    = "hep-ph/0412420",
     SLACcitation  = "%%CITATION = HEP-PH 0412420;%%"
}

@Article{Kretzer:2001pz,
     author    = "Kretzer, Stefan and Leader, Elliott and Christova,
                  Ekaterina",
     title     = "Fragmentation functions from semi-inclusive DIS pion
                  production and  implications for the polarized parton
                  densities",
     journal   = "Eur. Phys. J.",
     volume    = "C22",
     year      = "2001",
     pages     = "269-276",
     eprint    = "hep-ph/0108055",
     SLACcitation  = "%%CITATION = HEP-PH 0108055;%%"
}

@Article{Gluck:1995yr,
     author    = "Gluck, M. and Reya, E. and Stratmann, M. and Vogelsang, W.
                  ",
     title     = "Next-to-leading order radiative parton model analysis of
                  polarized deep inelastic lepton - nucleon scattering",
     journal   = "Phys. Rev.",
     volume    = "D53",
     year      = "1996",
     pages     = "4775-4786",
     eprint    = "hep-ph/9508347",
     SLACcitation  = "%%CITATION = HEP-PH 9508347;%%"
}

@Article{Afanasev:1996mj,
     author    = "Afanasev, Andrei and Carlson, Carl E. and Wahlquist,
                  Christian",
     title     = "Probing polarized parton distributions with meson
                  photoproduction",
     journal   = "Phys. Lett.",
     volume    = "B398",
     year      = "1997",
     pages     = "393-399",
     eprint    = "hep-ph/9701215",
     SLACcitation  = "%%CITATION = HEP-PH 9701215;%%"
}

@Article{Avakian:2005ps,
     author    = "Avakian, H. and Bosted, P. and Burkert, V. and Elouadrhiri,
                  L.",
 collaboration = "CLAS",
     title     = "New results on SIDIS SSA from Jefferson Lab",
     journal   = "AIP Conf. Proc.",
     volume    = "792",
     year      = "2005",
     pages     = "945-948",
     eprint    = "nucl-ex/0509032",
     SLACcitation  = "%%CITATION = NUCL-EX 0509032;%%"
}

@Article{Efremov:2002ut,
     author    = "Efremov, A. V. and Goeke, K. and Schweitzer, P.",
     title     = "Azimuthal asymmetries at CLAS: Extraction of (e**a)(x) and
                  prediction  of A(UL)",
     journal   = "Phys. Rev.",
     volume    = "D67",
     year      = "2003",
     pages     = "114014",
     eprint    = "hep-ph/0208124",
     SLACcitation  = "%%CITATION = HEP-PH 0208124;%%"
}
@Article{Airapetian:2001eg,
     author    = "Airapetian, A. and others",
 collaboration = "HERMES",
     title     = "Single-spin azimuthal asymmetries in electroproduction of
                  neutral pions  in semi-inclusive deep-inelastic
                  scattering",
     journal   = "Phys. Rev.",
     volume    = "D64",
     year      = "2001",
     pages     = "097101",
     eprint    = "hep-ex/0104005",
     SLACcitation  = "%%CITATION = HEP-EX 0104005;%%"
}
@Article{Tangerman:1994eh,
     author    = "Tangerman, R. D. and Mulders, P. J.",
     title     = "Intrinsic transverse momentum and the polarized Drell-Yan
                  process",
     journal   = "Phys. Rev.",
     volume    = "D51",
     year      = "1995",
     pages     = "3357-3372",
     eprint    = "hep-ph/9403227",
     SLACcitation  = "%%CITATION = HEP-PH 9403227;%%"
}
@Article{Kotzinian:1995cz,
     author    = "Kotzinian, A. M. and Mulders, P. J.",
     title     = "Longitudinal quark polarization in transversely polarized
                  nucleons",
     journal   = "Phys. Rev.",
     volume    = "D54",
     year      = "1996",
     pages     = "1229-1232",
     eprint    = "hep-ph/9511420",
     SLACcitation  = "%%CITATION = HEP-PH 9511420;%%"
}

@Article{Anselmino:2007fs,
     author    = "Anselmino, M. and others",
     title     = "Transversity and Collins functions from SIDIS and e+ e-
                  data",
     year      = "2007",
     eprint    = "hep-ph/0701006",
     SLACcitation  = "%%CITATION = HEP-PH 0701006;%%"
}

@Article{Brodsky:1994kg,
     author    = "Brodsky, Stanley J. and Burkardt, Matthias and Schmidt,
                  Ivan",
     title     = "Perturbative QCD constraints on the shape of polarized
                  quark and gluon distributions",
     journal   = "Nucl. Phys.",
     volume    = "B441",
     year      = "1995",
     pages     = "197-214",
     eprint    = "hep-ph/9401328",
     SLACcitation  = "%%CITATION = HEP-PH 9401328;%%"
}

@Article{Brodsky:1980zm,
     author    = "Brodsky, Stanley J. and Drell, S. D.",
     title     = "THE ANOMALOUS MAGNETIC MOMENT AND LIMITS ON FERMION
                  SUBSTRUCTURE",
     journal   = "Phys. Rev.",
     volume    = "D22",
     year      = "1980",
     pages     = "2236",
     SLACcitation  = "%%CITATION = PHRVA,D22,2236;%%"
}
@Article{Anselmino:2006yc,
     author    = "Anselmino, M. and Efremov, A. and Kotzinian, A. and
                  Parsamyan, B.",
     title     = "Transverse momentum dependence of the quark helicity
                  distributions and the Cahn effect in double-spin asymmetry
                  A(LL) in semi inclusive DIS",
     journal   = "Phys. Rev.",
     volume    = "D74",
     year      = "2006",
     pages     = "074015",
     eprint    = "hep-ph/0608048",
     SLACcitation  = "%%CITATION = HEP-PH 0608048;%%"
}

@Article{Mulders:1995dh,
     author    = "Mulders, P. J. and Tangerman, R. D.",
     title     = "The complete tree-level result up to order 1/Q for
                  polarized  deep-inelastic leptoproduction",
     journal   = "Nucl. Phys.",
     volume    = "B461",
     year      = "1996",
     pages     = "197-237",
     eprint    = "hep-ph/9510301",
     SLACcitation  = "%%CITATION = HEP-PH 9510301;%%"
}
@Article{Kotzinian:1994dv,
     author    = "Kotzinian, Aram",
     title     = "New quark distributions and semiinclusive electroproduction
                  on the polarized nucleons",
     journal   = "Nucl. Phys.",
     volume    = "B441",
     year      = "1995",
     pages     = "234-248",
     eprint    = "hep-ph/9412283",
     SLACcitation  = "%%CITATION = HEP-PH 9412283;%%"
}
@Article{Efremov:2002sd,
     author    = "Efremov, A. V. and Goeke, K. and Schweitzer, P.",
     title     = "Azimuthal asymmetries and Collins analyzing power",
     journal   = "Nucl. Phys.",
     volume    = "A711",
     year      = "2002",
     pages     = "84-88",
     eprint    = "hep-ph/0206267",
     SLACcitation  = "%%CITATION = HEP-PH 0206267;%%"
}

@Article{Jaffe:1991ra,
     author    = "Jaffe, R. L. and Ji, Xiang-Dong",
     title     = "Chiral odd parton distributions and Drell-Yan processes",
     journal   = "Nucl. Phys.",
     volume    = "B375",
     year      = "1992",
     pages     = "527-560",
     SLACcitation  = "%%CITATION = NUPHA,B375,527;%%"
}
@Article{Levelt:1994np,
     author    = "Levelt, J. and Mulders, P. J.",
     title     = "Time reversal odd fragmentation functions in semiinclusive
                  scattering of polarized leptons from unpolarized hadrons",
     journal   = "Phys. Lett.",
     volume    = "B338",
     year      = "1994",
     pages     = "357-362",
     eprint    = "hep-ph/9408257",
     SLACcitation  = "%%CITATION = HEP-PH 9408257;%%"
}

@Article{Airapetian:2006rx,
     author    = "Airapetian, A.",
 collaboration = "HERMES",
     title     = "Beam-spin asymmetries in the azimuthal distribution of pion
                  electroproduction",
     year      = "2006",
     eprint    = "hep-ex/0612059",
     SLACcitation  = "%%CITATION = HEP-EX 0612059;%%"
}

@Article{Avakian:2003pk,
     author    = "Avakian, H. and others",
 collaboration = "CLAS",
     title     = "Measurement of beam-spin asymmetries for deep inelastic pi+
                  electroproduction",
     journal   = "Phys. Rev.",
     volume    = "D69",
     year      = "2004",
     pages     = "112004",
     eprint    = "hep-ex/0301005",
     SLACcitation  = "%%CITATION = HEP-EX 0301005;%%"
}

@Article{Cahn:1989yf,
     author    = "Cahn, R. N.",
     title     = "CRITIQUE OF PARTON MODEL CALCULATIONS OF AZIMUTHAL
                  DEPENDENCE IN LEPTOPRODUCTION",
     journal   = "Phys. Rev.",
     volume    = "D40",
     year      = "1989",
     pages     = "3107-3110",
     SLACcitation  = "%%CITATION = PHRVA,D40,3107;%%"
}

@Article{Cahn:1977tr,
     author    = "Cahn, Robert N. and Kane, Gordon L.",
     title     = "PARITY VIOLATIONS IN HYDROGEN AND THE FUNDAMENTAL STRUCTURE
                  OF THE WEAK CURRENT",
     journal   = "Phys. Lett.",
     volume    = "B71",
     year      = "1977",
     pages     = "348",
     SLACcitation  = "%%CITATION = PHLTA,B71,348;%%"
}
@Article{Boer:2001he,
     author    = "Boer, Daniel",
     title     = "Sudakov suppression in azimuthal spin asymmetries",
     journal   = "Nucl. Phys.",
     volume    = "B603",
     year      = "2001",
     pages     = "195-217",
     eprint    = "hep-ph/0102071",
     SLACcitation  = "%%CITATION = HEP-PH 0102071;%%"
}

@Article{Ji:2006vf,
     author    = "Ji, Xiangdong and Qiu, Jian-wei and Vogelsang, Werner and
                  Yuan, Feng",
     title     = "Single transverse-spin asymmetry in Drell-Yan production at
                  large and moderate transverse momentum",
     journal   = "Phys. Rev.",
     volume    = "D73",
     year      = "2006",
     pages     = "094017",
     eprint    = "hep-ph/0604023",
     SLACcitation  = "%%CITATION = HEP-PH 0604023;%%"
}

@Article{Breitweg:2000qi,
     author    = "Breitweg, J. and others",
 collaboration = "ZEUS",
     title     = "Measurement of inclusive D/s+- photoproduction at HERA",
     journal   = "Phys. Lett.",
     volume    = "B481",
     year      = "2000",
     pages     = "213-227",
     eprint    = "hep-ex/0003018",
     SLACcitation  = "%%CITATION = HEP-EX 0003018;%%"
}
@Article{Bacchetta:2003rz,
     author    = "Bacchetta, Alessandro and Schaefer, Andreas and Yang,
                  Jian-Jun",
     title     = "Sivers function in a spectator model with axial-vector
                  diquarks",
     journal   = "Phys. Lett.",
     volume    = "B578",
     year      = "2004",
     pages     = "109-118",
     eprint    = "hep-ph/0309246",
     SLACcitation  = "%%CITATION = HEP-PH 0309246;%%"
}

@Article{Jakob:1997wg,
     author    = "Jakob, R. and Mulders, P. J. and Rodrigues, J.",
     title     = "Modelling quark distribution and fragmentation functions",
     journal   = "Nucl. Phys.",
     volume    = "A626",
     year      = "1997",
     pages     = "937-965",
     eprint    = "hep-ph/9704335",
     SLACcitation  = "%%CITATION = HEP-PH 9704335;%%"
}
@Article{Lu:2005rq,
     author    = "Lu, Zhun and Ma, Bo-Qiang",
     title     = "Azimuthal asymmetry in unpolarized pi N Drell-Yan process",
     journal   = "Phys. Lett.",
     volume    = "B615",
     year      = "2005",
     pages     = "200-206",
     eprint    = "hep-ph/0504184",
     SLACcitation  = "%%CITATION = HEP-PH 0504184;%%"
}

@Article{Lu:2004hu,
     author    = "Lu, Zhun and Ma, Bo-Qiang",
     title     = "Non-zero transversity distribution of the pion in a quark-
                  spectator  antiquark model",
     journal   = "Phys. Rev.",
     volume    = "D70",
     year      = "2004",
     pages     = "094044",
     eprint    = "hep-ph/0411043",
     SLACcitation  = "%%CITATION = HEP-PH 0411043;%%"
}

@Article{Conway:1989fs,
     author    = "Conway, J. S. and others",
     title     = "EXPERIMENTAL STUDY OF MUON PAIRS PRODUCED BY 252-GEV PIONS
                  ON TUNGSTEN",
     journal   = "Phys. Rev.",
     volume    = "D39",
     year      = "1989",
     pages     = "92-122",
     SLACcitation  = "%%CITATION = PHRVA,D39,92;%%"
}

@Article{Falciano:1986wk,
     author    = "Falciano, S. and others",
 collaboration = "NA10",
     title     = "ANGULAR DISTRIBUTIONS OF MUON PAIRS PRODUCED BY 194-GeV/c
                  NEGATIVE PIONS",
     journal   = "Z. Phys.",
     volume    = "C31",
     year      = "1986",
     pages     = "513",
     SLACcitation  = "%%CITATION = ZEPYA,C31,513;%%"
}

@Article{Barone:2005kt,
     author    = "Barone, Vincenzo and Lu, Zhun and Ma, Bo-Qiang",
     title     = "On the cos(2phi) asymmetry in unpolarized leptoproduction",
     journal   = "Phys. Lett.",
     volume    = "B632",
     year      = "2006",
     pages     = "277-281",
     eprint    = "hep-ph/0512145",
     SLACcitation  = "%%CITATION = HEP-PH 0512145;%%"
}

@Article{Gamberg:2003ey,
     author    = "Gamberg, Leonard P. and Goldstein, Gary R. and Oganessyan,
                  Karo A.",
     title     = "Novel transversity properties in semi-inclusive deep
                  inelastic scattering",
     journal   = "Phys. Rev.",
     volume    = "D67",
     year      = "2003",
     pages     = "071504",
     eprint    = "hep-ph/0301018",
     SLACcitation  = "%%CITATION = HEP-PH 0301018;%%"
}

@Article{Oganesian:1997jq,
     author    = "Oganesian, K. A. and Avakian, H. R. and Bianchi, N. and Di
                  Nezza, P.",
     title     = "Investigations of azimuthal asymmetry in semi-inclusive
                  leptoproduction",
     journal   = "Eur. Phys. J.",
     volume    = "C5",
     year      = "1998",
     pages     = "681-685",
     eprint    = "hep-ph/9709342",
     SLACcitation  = "%%CITATION = HEP-PH 9709342;%%"
}
@Article{Boer:1997nt,
     author    = "Boer, Daniel and Mulders, P. J.",
     title     = "Time-reversal odd distribution functions in
                  leptoproduction",
     journal   = "Phys. Rev.",
     volume    = "D57",
     year      = "1998",
     pages     = "5780-5786",
     eprint    = "hep-ph/9711485",
     SLACcitation  = "%%CITATION = HEP-PH 9711485;%%"
}

@Article{Collins:2004nx,
     author    = "Collins, John C. and Metz, Andreas",
     title     = "Universality of soft and collinear factors in hard-
                  scattering  factorization",
     journal   = "Phys. Rev. Lett.",
     volume    = "93",
     year      = "2004",
     pages     = "252001",
     eprint    = "hep-ph/0408249",
     SLACcitation  = "%%CITATION = HEP-PH 0408249;%%"
}

@Article{Metz:2004je,
     author    = "Metz, A. and Schlegel, M.",
     title     = "Twist-3 single spin asymmetries in semi-inclusive deep-
                  inelastic  scattering",
     journal   = "Eur. Phys. J.",
     volume    = "A22",
     year      = "2004",
     pages     = "489-494",
     eprint    = "hep-ph/0403182",
     SLACcitation  = "%%CITATION = HEP-PH 0403182;%%"
}

@Article{Yuan:2003gu,
     author    = "Yuan, Feng",
     title     = "The beam single spin asymmetry in semi-inclusive deep
                  inelastic  scattering",
     journal   = "Phys. Lett.",
     volume    = "B589",
     year      = "2004",
     pages     = "28-34",
     eprint    = "hep-ph/0310279",
     SLACcitation  = "%%CITATION = HEP-PH 0310279;%%"
}

@Article{Afanasev:2003ze,
     author    = "Afanasev, Andrei and Carlson, C. E.",
     title     = "Single-spin beam asymmetry in semi-exclusive deep-inelastic
                  electroproduction",
     year      = "2003",
     eprint    = "hep-ph/0308163",
     SLACcitation  = "%%CITATION = HEP-PH 0308163;%%"
}

@Article{Collins:1992kk,
     author    = "Collins, John C.",
     title     = "Fragmentation of transversely polarized quarks probed in
                  transverse  momentum distributions",
     journal   = "Nucl. Phys.",
     volume    = "B396",
     year      = "1993",
     pages     = "161-182",
     eprint    = "hep-ph/9208213",
     SLACcitation  = "%%CITATION = HEP-PH 9208213;%%"
}

@Article{Gockeler:2006zu,
     author    = "Gockeler, M. and others",
     title     = "Transverse spin structure of the nucleon from lattice QCD
                  simulations",
     year      = "2006",
     eprint    = "hep-lat/0612032",
     SLACcitation  = "%%CITATION = HEP-LAT 0612032;%%"
}

@Article{Gockeler:2005cd,
     author    = "Gockeler, M. and others",
     title     = "Nucleon structure from generalized parton distributions in
                  lattice QCD",
     journal   = "Nucl. Phys. Proc. Suppl.",
     volume    = "153",
     year      = "2006",
     pages     = "146-153",
     eprint    = "hep-lat/0512011",
     SLACcitation  = "%%CITATION = HEP-LAT 0512011;%%"
}
@Article{Burkardt:2005hp,
     author    = "Burkardt, Matthias",
     title     = "Transverse deformation of parton distributions and
                  transversity  decomposition of angular momentum",
     journal   = "Phys. Rev.",
     volume    = "D72",
     year      = "2005",
     pages     = "094020",
     eprint    = "hep-ph/0505189",
     SLACcitation  = "%%CITATION = HEP-PH 0505189;%%"
}

@Article{Alexakhin:2005iw,
     author    = "Alexakhin, V. Yu. and others",
 collaboration = "COMPASS",
     title     = "First measurement of the transverse spin asymmetries of the
                  deuteron in  semi-inclusive deep inelastic scattering",
     journal   = "Phys. Rev. Lett.",
     volume    = "94",
     year      = "2005",
     pages     = "202002",
     eprint    = "hep-ex/0503002",
     SLACcitation  = "%%CITATION = HEP-EX 0503002;%%"
}

@Article{Airapetian:2004tw,
     author    = "Airapetian, A. and others",
 collaboration = "HERMES",
     title     = "Single-spin asymmetries in semi-inclusive deep-inelastic
                  scattering on  a transversely polarized hydrogen target",
     journal   = "Phys. Rev. Lett.",
     volume    = "94",
     year      = "2005",
     pages     = "012002",
     eprint    = "hep-ex/0408013",
     SLACcitation  = "%%CITATION = HEP-EX 0408013;%%"
}
@Article{Brodsky:2002rv,
     author    = "Brodsky, Stanley J. and Hwang, Dae Sung and Schmidt, Ivan",
     title     = "Initial-state interactions and single-spin asymmetries in
                  Drell-Yan  processes",
     journal   = "Nucl. Phys.",
     volume    = "B642",
     year      = "2002",
     pages     = "344-356",
     eprint    = "hep-ph/0206259",
     SLACcitation  = "%%CITATION = HEP-PH 0206259;%%"
}
@Article{Anselmino:1998yz,
     author    = "Anselmino, Mauro and Murgia, Francesco",
     title     = "Single spin asymmetries in p(pol.) p and anti-p(pol.) p
                  inclusive  processes",
     journal   = "Phys. Lett.",
     volume    = "B442",
     year      = "1998",
     pages     = "470-478",
     eprint    = "hep-ph/9808426",
     SLACcitation  = "%%CITATION = HEP-PH 9808426;%%"
}
@Article{Sivers:1990fh,
     author    = "Sivers, Dennis W.",
     title     = "Hard scattering scaling laws for single spin production
                  asymmetries",
     journal   = "Phys. Rev.",
     volume    = "D43",
     year      = "1991",
     pages     = "261-263",
     SLACcitation  = "%%CITATION = PHRVA,D43,261;%%"
}

@Article{Ji:2002xn,
     author    = "Ji, Xiang-dong and Ma, Jian-Ping and Yuan, Feng",
     title     = "Three-quark light-cone amplitudes of the proton and quark-
                  orbital-motion dependent observables",
     journal   = "Nucl. Phys.",
     volume    = "B652",
     year      = "2003",
     pages     = "383-404",
     eprint    = "hep-ph/0210430",
     SLACcitation  = "%%CITATION = HEP-PH 0210430;%%"
}

@Article{Airapetian:1999tv,
     author    = "Airapetian, A. and others",
 collaboration = "HERMES",
     title     = "Observation of a single-spin azimuthal asymmetry in semi-
                  inclusive pion  electro-production",
     journal   = "Phys. Rev. Lett.",
     volume    = "84",
     year      = "2000",
     pages     = "4047-4051",
     eprint    = "hep-ex/9910062",
     SLACcitation  = "%%CITATION = HEP-EX 9910062;%%"
}

@Article{CDR,
     author    = "",
     title     = "",
 collaboration = "Conceptual Design Report (CDR) for The Science and 
Experimental Equipment for The 12 GeV Upgrade of CEBAF",
     journal   = "(Prepared for the DOE Science Review, April 6--8, 2005)",
     volume    = "",
     year      = "",
     pages     = "",
     eprint    = "",
     SLACcitation  = "%%CITATION = HEP-PH 0408249;%%"
}

@Article{Ji:2004wu,
     author    = "Ji, X.D. and Ma, J.P. and Yuan, F.",
     title     = "QCD factorization for semi-inclusive deep-inelastic
                  scattering at low  transverse momentum",
     journal   = "Phys. Rev.",
     volume    = "D71",
     year      = "2005",
     pages     = "034005",
     eprint    = "hep-ph/0404183",
     SLACcitation  = "%%CITATION = HEP-PH 0404183;%%"
}

@Article{Boer:2003cm,
     author    = "Boer, Daniel and Mulders, P. J. and Pijlman, F.",
     title     = "Universality of T-odd effects in single spin and azimuthal
                  asymmetries",
     journal   = "Nucl. Phys.",
     volume    = "B667",
     year      = "2003",
     pages     = "201-241",
     eprint    = "hep-ph/0303034",
     SLACcitation  = "%%CITATION = HEP-PH 0303034;%%"
}

@Article{Belitsky:2002sm,
     author    = "Belitsky, Andrei V. and Ji, X. and Yuan, F.",
     title     = "Final state interactions and gauge invariant parton
                  distributions",
     journal   = "Nucl. Phys.",
     volume    = "B656",
     year      = "2003",
     pages     = "165-198",
     eprint    = "hep-ph/0208038",
     SLACcitation  = "%%CITATION = HEP-PH 0208038;%%"
}
@Article{Ji:2002aa,
     author    = "Ji, X.D. and Yuan, F.",
     title     = "Parton distributions in light-cone gauge: Where are the
                  final-state  interactions?",
     journal   = "Phys. Lett.",
     volume    = "B543",
     year      = "2002",
     pages     = "66-72",
     eprint    = "hep-ph/0206057",
     SLACcitation  = "%%CITATION = HEP-PH 0206057;%%"
}

@Article{Collins:2002kn,
     author    = "Collins, John C.",
     title     = "Leading-twist single-transverse-spin asymmetries: Drell-Yan
                  and  deep-inelastic scattering",
     journal   = "Phys. Lett.",
     volume    = "B536",
     year      = "2002",
     pages     = "43-48",
     eprint    = "hep-ph/0204004",
     SLACcitation  = "%%CITATION = HEP-PH 0204004;%%"
}
@Article{Brodsky:2002cx,
     author    = "Brodsky, Stanley J. and Hwang, Dae Sung and Schmidt, Ivan",
     title     = "Final-state interactions and single-spin asymmetries in
                  semi-inclusive  deep inelastic scattering",
     journal   = "Phys. Lett.",
     volume    = "B530",
     year      = "2002",
     pages     = "99-107",
     eprint    = "hep-ph/0201296",
     SLACcitation  = "%%CITATION = HEP-PH 0201296;%%"
}

@Article{Airapetian:2004zf,
     author    = "Airapetian, A. and others",
 collaboration = "HERMES",
     title     = "Quark helicity distributions in the nucleon for up, down,
                  and strange  quarks from semi-inclusive deep-inelastic
                  scattering",
     journal   = "Phys. Rev.",
     volume    = "D71",
     year      = "2005",
     pages     = "012003",
     eprint    = "hep-ex/0407032",
     SLACcitation  = "%%CITATION = HEP-EX 0407032;%%"
}

@Article{Ackerstaff:1999ey,
     author    = "Ackerstaff, K. and others",
 collaboration = "HERMES",
     title     = "Flavor decomposition of the polarized quark distributions
                  in the  nucleon from inclusive and semi-inclusive deep-
                  inelastic scattering",
     journal   = "Phys. Lett.",
     volume    = "B464",
     year      = "1999",
     pages     = "123-134",
     eprint    = "hep-ex/9906035",
     SLACcitation  = "%%CITATION = HEP-EX 9906035;%%"
}

@Article{Anthony:1999py,
     author    = "Anthony, P. L. and others",
 collaboration = "E155",
     title     = "Measurement of the proton and deuteron spin structure
                  functions g2 and  asymmetry A(2)",
     journal   = "Phys. Lett.",
     volume    = "B458",
     year      = "1999",
     pages     = "529-535",
     eprint    = "hep-ex/9901006",
     SLACcitation  = "%%CITATION = HEP-EX 9901006;%%"
}

@Article{Adams:1997tq,
     author    = "Adams, D. and others",
 collaboration = "Spin Muon (SMC)",
     title     = "Spin structure of the proton from polarized inclusive deep-
                  inelastic  muon proton scattering",
     journal   = "Phys. Rev.",
     volume    = "D56",
     year      = "1997",
     pages     = "5330-5358",
     eprint    = "hep-ex/9702005",
     SLACcitation  = "%%CITATION = HEP-EX 9702005;%%"
}
@Article{Ashman:1987hv,
     author    = "Ashman, J. and others",
 collaboration = "European Muon",
     title     = "A measurement of the spin asymmetry and determination of
                  the structure  function g(1) in deep inelastic muon proton
                  scattering",
     journal   = "Phys. Lett.",
     volume    = "B206",
     year      = "1988",
     pages     = "364",
     SLACcitation  = "%%CITATION = PHLTA,B206,364;%%"
}


