@Article{DDBH,
     author    = "Del Duca, V. and Brodsky, S. J. and Hoyer, P.",
     title     = " ",
     journal   = "Phys. Rev. D",
     volume    = "46",
     year      = "1992",
     pages     = "931",
     eprint    = " ",
     SLACcitation  = "%%CITATION = HEP-PH ;%%"
}

@Article{KNPH,
     author    = "Kopeliovich, B. Z. and others",
     title     = " ",
     journal   = "Nucl. Phys. A",
     volume    = "740",
     year      = "2004",
     pages     = "211",
     eprint    = " ",
     SLACcitation  = "%%CITATION = HEP-PH ;%%"
}

@Article{XGXNW,
     author    = "Guo, X. and Wang, X. -N.",
     title     = " ",
     journal   = "Phys. Rev. Lett.",
     volume    = "85",
     year      = "2000",
     pages     = "3591",
     eprint    = " ",
     SLACcitation  = "%%CITATION = HEP-PH ;%%"
}

@Article{SJBAHM88,
     author    = "Brodsky, S. J. and Mueller, A. H.",
     title     = " ",
     journal   = "Phys. Lett. B",
     volume    = "206",
     year      = "1988",
     pages     = "685",
     eprint    = " ",
     SLACcitation  = "%%CITATION = HEP-PH ;%%"
}

@Article{EG2,
     author    = "Brooks, W.K.",
     title     = " ",
     journal   = "Fizika B",
     volume    = "13",
     year      = "2006",
     pages     = "321",
     eprint    = " ",
     SLACcitation  = "%%CITATION = HEP-PH ;%%"
}

@Article{Haf06,
     author    = "Hafidi, K.",
     title     = " ",
     journal   = " ",
     volume    = " ",
     year      = "2006",
     pages     = " ",
     eprint    = "nucl-ex/0609005",
     SLACcitation  = "%%CITATION = HEP-PH ;%%"
}

@Article{DY1,
     author    = "Johnson, M. B. and others",
     title     = " ",
     journal   = " ",
     volume    = " ",
     year      = "2006",
     pages     = " ",
     eprint    = "hep-ph/0606126",
     SLACcitation  = "%%CITATION = HEP-PH ;%%"
}

@Article{DY2,
     author    = "Johnson, M. B. and others",
     title     = " ",
     journal   = "Phys. Rev. C",
     volume    = "65",
     year      = "2002",
     pages     = "025203",
     eprint    = " ",
     SLACcitation  = "%%CITATION = HEP-PH ;%%"
}

@Article{RHIC,
     author    = "Riordan, M. and Zajc, W.",
     title     = " ",
     journal   = "Sci. Amer.",
     volume    = "294",
     year      = "2006",
     pages     = "34A",
     eprint    = " ",
     SLACcitation  = "%%CITATION = HEP-PH ;%%"
}

@Article{STAR,
     author    = "Adams, J. and others",
     title     = " ",
     journal   = "Nucl. Phys. A",
     volume    = "757",
     year      = "2005",
     pages     = "102",
     eprint    = " ",
     SLACcitation  = "%%CITATION = HEP-PH ;%%"
}

@Article{BDPS,
     author    = "Baier, R. and others",
     title     = " ",
     journal   = "Phys. Lett. B",
     volume    = "345",
     year      = "1995",
     pages     = "277",
     eprint    = " ",
     SLACcitation  = "%%CITATION = HEP-PH ;%%"
}

@Article{LPM1,
     author    = "Landau, L. D. and Pomeranchuk, I.",
     title     = " ",
     journal   = "Dokl. Akad. Nauk Ser. Fiz.",
     volume    = "92",
     year      = "1953",
     pages     = "735",
     eprint    = " ",
     SLACcitation  = "%%CITATION = HEP-PH ;%%"
}

@Article{LPM2,
     author    = "Landau, L. D. and Pomeranchuk, I.",
     title     = " ",
     journal   = "Dokl. Akad. Nauk Ser. Fiz.",
     volume    = "92",
     year      = "1953",
     pages     = "535",
     eprint    = " ",
     SLACcitation  = "%%CITATION = HEP-PH ;%%"
}

@Article{Migdal,
     author    = "Migdal, A. B.",
     title     = " ",
     journal   = "Phys. Rev.",
     volume    = "103",
     year      = "1956",
     pages     = "1811",
     eprint    = " ",
     SLACcitation  = "%%CITATION = HEP-PH ;%%"
}

@Article{LRW,
     author    = "Liu, H. and Rajagopal, K. and Wiedemann, U. A.",
     title     = " ",
     journal   = " ",
     volume    = " ",
     year      = "2006",
     pages     = " ",
     eprint    = "hep-ph/0605178",
     SLACcitation  = "%%CITATION = HEP-PH ;%%"
}

@Article{ADSCFT1,
     author    = "Maldacena, J. M.",
     title     = " ",
     journal   = "Adv. Theor. Math. Phys.",
     volume    = "2",
     year      = "1998",
     pages     = "231",
     eprint    = " ",
     SLACcitation  = "%%CITATION = HEP-PH ;%%"
}

@Article{ADSCFT2,
     author    = "Witten, E.",
     title     = " ",
     journal   = "Adv. Theor. Math. Phys.",
     volume    = "2",
     year      = "1998",
     pages     = "505",
     eprint    = " ",
     SLACcitation  = "%%CITATION = HEP-PH ;%%"
}

@Article{ADSCFT3,
     author    = "Gubser, S. S. and Klebanov, I. R. and Polyakov, M. A.",
     title     = " ",
     journal   = "Phys. Lett. B",
     volume    = "428",
     year      = "1998",
     pages     = "105",
     eprint    = " ",
     SLACcitation  = "%%CITATION = HEP-PH ;%%"
}

@Article{BAIER1,
     author    = "Baier, R. and others",
     title     = " ",
     journal   = "Nucl. Phys. A",
     volume    = "715",
     year      = "2003",
     pages     = "209 ",
     eprint    = " ",
     SLACcitation  = "%%CITATION = HEP-PH ;%%"
}

@Article{BAIER2,
     author    = "Baier, R. and others",
     title     = " ",
     journal   = " ",
     volume    = " ",
     year      = "2003",
     pages     = " ",
     eprint    = "hep-ph/0310274",
     SLACcitation  = "%%CITATION = HEP-PH ;%%"
}

@Article{Blat,
     author    = "Blattel, B. and others",
     title     = " ",
     journal   = "Phys. Rev. Lett.",
     volume    = "70",
     year      = "1993",
     pages     = "896",
     eprint    = " ",
     SLACcitation  = "%%CITATION = HEP-PH ;%%"
}

@Article{Aita,
     author    = "Aitala, E. M. and others",
     title     = " ",
     journal   = "Phys. Rev. Lett.",
     volume    = "86",
     year      = "2001",
     pages     = "4773",
     eprint    = " ",
     SLACcitation  = "%%CITATION = HEP-PH ;%%"
}

@Article{Bert1,
     author    = "Bertsch, G. and others",
     title     = " ",
     journal   = "Phys. Rev. Lett.",
     volume    = "47",
     year      = "1981",
     pages     = "297",
     eprint    = " ",
     SLACcitation  = "%%CITATION = HEP-PH ;%%"
}

@Article{Bert2,
     author    = "Frankfurt, L. L. and Miller, G. A. and Strikman, M.",
     title     = " ",
     journal   = "Phys. Lett. B",
     volume    = "304",
     year      = "1993",
     pages     = "1",
     eprint    = " ",
     SLACcitation  = "%%CITATION = HEP-PH ;%%"
}

@Article{Bert3,
     author    = "Frankfurt, L. L. and Miller, G. A. and Strikman, M.",
     title     = " ",
     journal   = "Found. of Phys.",
     volume    = "30",
     year      = "2000",
     pages     = "533",
     eprint    = " ",
     SLACcitation  = "%%CITATION = HEP-PH ;%%"
}

@Article{eep1,
     author    = "Garino, G. and others",
     title     = " ",
     journal   = "Phys. Rev. C",
     volume    = "45",
     year      = "1992",
     pages     = "780",
     eprint    = " ",
     SLACcitation  = "%%CITATION = HEP-PH ;%%"
}

@Article{eep2,
     author    = "Makins, N. C. R. and others",
     title     = " ",
     journal   = "Phys. Rev. Lett.",
     volume    = "72",
     year      = "1986",
     pages     = "1986",
     eprint    = " ",
     SLACcitation  = "%%CITATION = HEP-PH ;%%"
}

@Article{eep3,
     author    = "O'Neill, T. G. and others",
     title     = " ",
     journal   = "Phys. Lett.",
     volume    = "351",
     year      = "1995",
     pages     = "87",
     eprint    = " ",
     SLACcitation  = "%%CITATION = HEP-PH ;%%"
}

@Article{eep4,
     author    = "Garrow, K. and others",
     title     = " ",
     journal   = "Phys. Rev. C",
     volume    = "66",
     year      = "2002",
     pages     = "044613",
     eprint    = " ",
     SLACcitation  = "%%CITATION = HEP-PH ;%%"
}

@Article{p2p1,
    author    = "Carroll, A. S. and others",
     title     = " ",
     journal   = "Phys. Rev. Lett.",
     volume    = "61",
     year      = "1998",
     pages     = "1698",
     eprint    = " ",
     SLACcitation  = "%%CITATION = HEP-PH ;%%"
}

@Article{p2p2,
     author    = "Mardor, Y. and others",
     title     = " ",
     journal   = "Phys. Rev. Lett.",
     volume    = "81",
     year      = "1998",
     pages     = "5085",
     eprint    = " ",
     SLACcitation  = "%%CITATION = HEP-PH ;%%"
}

@Article{p2p3,
     author    = "Leskanov, A. and others",
     title     = " ",
     journal   = "Phys. Rev. Lett.",
     volume    = "87",
     year      = "2001",
     pages     = "212301",
     eprint    = " ",
     SLACcitation  = "%%CITATION = HEP-PH ;%%"
}

@Article{ral,
     author    = "Ralston, J. P. and Pire, B.",
     title     = " ",
     journal   = "Phys. Rev. Lett.",
     volume    = "61",
     year      = "1998",
     pages     = "1823",
     eprint    = " ",
     SLACcitation  = "%%CITATION = HEP-PH ;%%"
}

@Article{meso1,
     author    = "Adams, M. R. and others",
     title     = " ",
     journal   = "Phys. Rev. Lett.",
     volume    = "74",
     year      = "1995",
     pages     = "1525",
     eprint    = " ",
     SLACcitation  = "%%CITATION = HEP-PH ;%%"
}

@Article{meso2,
     author    = "Airapetian, A. and others",
     title     = " ",
     journal   = "Phys. Rev. Lett.",
     volume    = "90",
     year      = "2003",
     pages     = "052501",
     eprint    = " ",
     SLACcitation  = "%%CITATION = HEP-PH ;%%"
}

@Article{kop02,
     author    = "Kopeliovich, B. and others",
     title     = " ",
     journal   = "Phys. Rev. C",
     volume    = "65",
     year      = "2002",
     pages     = "035201",
     eprint    = " ",
     SLACcitation  = "%%CITATION = HEP-PH ;%%"
}

@Article{acker,
     author    = "Ackerstaff, K. and others",
     title     = " ",
     journal   = "Phys. Rev. Lett.",
     volume    = "82",
     year      = "1999",
     pages     = "3025",
     eprint    = " ",
     SLACcitation  = "%%CITATION = HEP-PH ;%%"
}

@misc{koko, 
     author    = "Hafidi, K.",
     title     = "JLab Experiment E02-110",
     year      = "2002"
}

@Article{HERMES,
     author    = "Airapetian, A. and others",
     collaboration = "HERMES",
     title     = " ",
     journal   = "Phys. Lett. B",
     volume    = "577",
     year      = "2003",
     pages     = "37",
     eprint    = " ",
     SLACcitation  = "%%CITATION = HEP-PH ;%%"
}

@Article{WANG,
     author    = "Wang, X. -N.",
     title     = " ",
     journal   = "Nucl. Phys. A",
     volume    = "750",
     year      = "2005",
     pages     = "98",
     eprint    = " ",
     SLACcitation  = "%%CITATION = HEP-PH ;%%"
}

@Article{ARLEO,
     author    = "Arleo, F. A.",
     title     = " ",
     journal   = "Eur. Phys. J. C",
     volume    = "30",
     year      = "2003",
     pages     = "213",
     eprint    = " ",
     SLACcitation  = "%%CITATION = HEP-PH ;%%"
}

@Article{MOSEL,
     author    = "Gallmeister, K. and Mosel, U.",
     title     = " ",
     journal   = " ",
     volume    = " ",
     year      = "2007",
     pages     = " ",
     eprint    = "nucl-th/0701064v2",
     SLACcitation  = "%%CITATION = HEP-PH ;%%"
}

@Article{Carlson,
     author    = "Carlson, C. E. and Lassila, K. E.",
     title     = " ",
     journal   = "Phys. Rev. C",
     volume    = "51",
     year      = "1995",
     pages     = "364",
     eprint    = " ",
     SLACcitation  = "%%CITATION = HEP-PH ;%%"
}

@Article{MT,
     author    = "Melnitchouk, W. and Thomas, A. W.",
     title     = " ",
     journal   = "Phys. Lett. B",
     volume    = "377",
     year      = "1996",
     pages     = "11",
     eprint    = " ",
     SLACcitation  = "%%CITATION = HEP-PH ;%%"
}

@Article{FS81,
     author    = "Frankfurt, L. L. and Strikman, M. I.",
     title     = " ",
     journal   = "Phys. Rep.",
     volume    = "76",
     year      = "1981",
     pages     = "217",
     eprint    = " ",
     SLACcitation  = "%%CITATION = HEP-PH ;%%"
}

@Article{FS85,
     author    = "Frankfurt, L. L. and Strikman, M. I.",
     title     = " ",
     journal   = "Nucl. Phys. B",
     volume    = "250",
     year      = "1998",
     pages     = "1585",
     eprint    = " ",
     SLACcitation  = "%%CITATION = HEP-PH ;%%"
}

@misc{e94102, 
     author    = "Kuhn, S. E. and Griffioen, K. and others",
     title     = "JLab Experiment E94-102",
     year      = "1994"
}

@Article{EGIYAN,
     author    = "Egiyan, K. S. and others",
     collaboration = "CLAS",
     title     = " ",
     journal   = "Phys. Rev. Lett.",
     volume    = "96",
     year      = "2006",
     pages     = "082501",
     eprint    = " ",
     SLACcitation  = "%%CITATION = HEP-PH ;%%"
}

@phdthesis{ARRINGTON,  
     author    = "Arrington, J.",
     title     = "Inclusive Electron Scattering From Nuclei at $x>1$ and High 
                  $Q^2$",
     school    = "California Institute of Technology",
     year      = "2006",
}

@Article{GSI,
     author    = "Lopez, X. and others",
     collaboration = "FOPI",
     title     = " ",
     journal   = "Phys. Rev. C",
     volume    = "75",
     year      = "2007",
     pages     = "011901",
     eprint    = " ",
     SLACcitation  = "%%CITATION = HEP-PH ;%%"
}

@Article{CLOET,
     author    = "Cloet, I.C. and Bentz, W. and Thomas, A. W.",
     title     = " ",
     journal   = "Phys. Lett. B",
     volume    = "642",
     year      = "2006",
     pages     = "210",
     eprint    = " ",
     SLACcitation  = "%%CITATION = HEP-PH ;%%"
}

