@Article{BONUS,
     author    = "Fenker, H. and Keppel, C. and Kuhn, S. and Melnitchouk, W. spokespersons",
 collaboration = "CLAS",
     title     = "The Structure of the Free Neutron Via Spectator 
Tagging.",
     journal   = "",
     volume    = "",
     year      = "2003",
     pages     = "",
     eprint    = "JLab Experiment E03-12",
     SLACcitation  = "%%CITATION = ;%%"
}

@Article{Zheng:2004ce,
     author    = "Zheng, X. and others",
 collaboration = "Jefferson Lab Hall A",
     title     = "Precision measurement of the neutron spin asymmetries and
                  spin-dependent structure functions in the valence quark
                  region",
     journal   = "Phys. Rev.",
     volume    = "C70",
     year      = "2004",
     pages     = "065207",
     eprint    = "nucl-ex/0405006",
     SLACcitation  = "%%CITATION = NUCL-EX/0405006;%%"
}

@Article{BONUS12,
     author    = "",
 collaboration = "The Structure of the Free Neutron at Large x-Bjorken",
     title     = "",
     journal   = "JLab E12-06-113",
     volume    = "",
     year      = "2006",
     pages     = "",
     eprint    = "",
     SLACcitation  = "%%CITATION = ;%%"
}

@Article{EG12,
     author    = "",
 collaboration = "The Longitudinal Spin Structure of the Nucleon",
     title     = "",
     journal   = "JLab E12-06-109",
     volume    = "",
     year      = "2006",
     pages     = "",
     eprint    = "",
     SLACcitation  = "%%CITATION = ;%%"
}

@Article{Kuhlmann:1999sf,
     author    = "Kuhlmann, S. and others",
     title     = "Large-x parton distributions",
     journal   = "Phys. Lett.",
     volume    = "B476",
     year      = "2000",
     pages     = "291-296",
     eprint    = "hep-ph/9912283",
     SLACcitation  = "%%CITATION = HEP-PH/9912283;%%"
}

@Article{Melnitchouk:1995fc,
     author    = "Melnitchouk, W. and Thomas, Anthony W.",
     title     = "Neutron / proton structure function ratio at large x",
     journal   = "Phys. Lett.",
     volume    = "B377",
     year      = "1996",
     pages     = "11-17",
     eprint    = "nucl-th/9602038",
     SLACcitation  = "%%CITATION = NUCL-TH/9602038;%%"
}

@Article{Leader:2005ci,
     author    = "Leader, Elliot and Sidorov, Aleksander V. and Stamenov,
                  Dimiter B.",
     title     = "Longitudinal polarized parton densities updated",
     journal   = "Phys. Rev.",
     volume    = "D73",
     year      = "2006",
     pages     = "034023",
     eprint    = "hep-ph/0512114",
     SLACcitation  = "%%CITATION = HEP-PH/0512114;%%"
}

@Article{Dharmawardane:2006zd,
     author    = "Dharmawardane, K. V. and others",
 collaboration = "CLAS",
     title     = "Measurement of the $x$- and $Q^2$-Dependence of the
                  Asymmetry $A_1$ on the Nucleon",
     journal   = "Phys. Lett.",
     volume    = "B641",
     year      = "2006",
     pages     = "11-17",
     eprint    = "nucl-ex/0605028",
     SLACcitation  = "%%CITATION = NUCL-EX/0605028;%%"
}


@Article{Fatemi:2003yh,
     author    = "Fatemi, R. and others",
 collaboration = "CLAS",
     title     = "Measurement of the proton spin structure function
                  g1(x,Q**2) for Q**2  from 0.15-GeV**2 to 1.6-GeV**2 with
                  CLAS",
     journal   = "Phys. Rev. Lett.",
     volume    = "91",
     year      = "2003",
     pages     = "222002",
     eprint    = "nucl-ex/0306019",
     SLACcitation  = "%%CITATION = NUCL-EX/0306019;%%"
}

@Article{Yun:2002td,
     author    = "Yun, J. and others",
 collaboration = "CLAS",
     title     = "Measurement of inclusive spin structure functions of the
                  deuteron with CLAS",
     journal   = "Phys. Rev.",
     volume    = "C67",
     year      = "2003",
     pages     = "055204",
     eprint    = "hep-ex/0212044",
     SLACcitation  = "%%CITATION = HEP-EX/0212044;%%"

}

@Article{Chen:2005td,
     author    = "Chen, J. -P. and Deur, A. and Meziani, Zein-Eddine",
     title     = "Sum rules and moments of the nucleon spin structure
                  functions",
     journal   = "Mod. Phys. Lett.",
     volume    = "A20",
     year      = "2005",
     pages     = "2745-2766",
     eprint    = "nucl-ex/0509007",
     SLACcitation  = "%%CITATION = NUCL-EX/0509007;%%"
}

@Article{Osipenko:2005nx,
     author    = "Osipenko, M. and others",
     title     = "Global analysis of data on the proton structure function g1
                  and  extraction of its moments",
     journal   = "Phys. Rev.",
     volume    = "D71",
     year      = "2005",
     pages     = "054007",
     eprint    = "hep-ph/0503018",
     SLACcitation  = "%%CITATION = HEP-PH/0503018;%%"
}


@Article{Bjorken:1966jh,
     author    = "Bjorken, J. D.",
     title     = "Applications of the Chiral U(6) x (6) Algebra of Current
                  Densities",
     journal   = "Phys. Rev.",
     volume    = "148",
     year      = "1966",
     pages     = "1467-1478",
     SLACcitation  = "%%CITATION = PHRVA,148,1467;%%"
}

@Article{Drell:1966jv,
     author    = "Drell, S. D. and Hearn, Anthony C.",
     title     = "EXACT SUM RULE FOR NUCLEON MAGNETIC MOMENTS",
     journal   = "Phys. Rev. Lett.",
     volume    = "16",
     year      = "1966",
     pages     = "908-911",
     SLACcitation  = "%%CITATION = PRLTA,16,908;%%"
}

@Article{Gerasimov:1965et,
     author    = "Gerasimov, S. B.",
     title     = "A Sum rule for magnetic moments and the damping of the
                  nucleon magnetic moment in nuclei",
     journal   = "Sov. J. Nucl. Phys.",
     volume    = "2",
     year      = "1966",
     pages     = "430-433",
     SLACcitation  = "%%CITATION = SJNCA,2,430;%%"
}

@Article{Ji:1999mr,
     author    = "Ji, Xiang-Dong and Osborne, Jonathan",
     title     = "Generalized sum rules for spin-dependent structure
                  functions of the  nucleon",
     journal   = "J. Phys.",
     volume    = "G27",
     year      = "2001",
     pages     = "127",
     eprint    = "hep-ph/9905410",
     SLACcitation  = "%%CITATION = HEP-PH/9905410;%%"
}

@Article{Airapetian:2002wd,
     author    = "Airapetian, A. and others",
 collaboration = "HERMES",
     title     = "The Q**2-dependence of the generalised Gerasimov-Drell-
                  Hearn integral for the deuteron, proton and neutron",
     journal   = "Eur. Phys. J.",
     volume    = "C26",
     year      = "2003",
     pages     = "527-538",
     eprint    = "hep-ex/0210047",
     SLACcitation  = "%%CITATION = HEP-EX/0210047;%%"
}

@Article{Abe:1998wq,
     author    = "Abe, K. and others",
 collaboration = "E143",
     title     = "Measurements of the proton and deuteron spin structure
                  functions g1  and g2",
     journal   = "Phys. Rev.",
     volume    = "D58",
     year      = "1998",
     pages     = "112003",
     eprint    = "hep-ph/9802357",
     SLACcitation  = "%%CITATION = HEP-PH/9802357;%%"
}

@Article{Anthony:2000fn,
     author    = "Anthony, P. L. and others",
 collaboration = "E155",
     title     = "Measurements of the Q**2 dependence of the proton and
                  neutron spin  structure functions g1(p) and g1(n)",
     journal   = "Phys. Lett.",
     volume    = "B493",
     year      = "2000",
     pages     = "19-28",
     eprint    = "hep-ph/0007248",
     SLACcitation  = "%%CITATION = HEP-PH/0007248;%%"
}

@Article{Burkert:1992tg,
     author    = "Burkert, V. D. and Ioffe, B. L.",
     title     = "On the Q**2 variation of spin dependent deep inelastic
                  electron - proton scattering",
     journal   = "Phys. Lett.",
     volume    = "B296",
     year      = "1992",
     pages     = "223-226",
     SLACcitation  = "%%CITATION = PHLTA,B296,223;%%"
}

@Article{Burkert:1993ya,
     author    = "Burkert, V. D. and Ioffe, B. L.",
     title     = "Polarized structure functions of proton and neutron and the
                  Gerasimov-Drell-Hearn and Bjorken sum rules",
     journal   = "J. Exp. Theor. Phys.",
     volume    = "78",
     year      = "1994",
     pages     = "619-622",
     SLACcitation  = "%%CITATION = JTPHE,78,619;%%"
}

@Article{Thomas:2000pf,
     author    = "Thomas, E. and Bianchi, N.",
     title     = "First Regge parameterisation of polarized DIS cross
                  section",
     journal   = "Nucl. Phys. Proc. Suppl.",
     volume    = "82",
     year      = "2000",
     pages     = "256-261",
     SLACcitation  = "%%CITATION = NUPHZ,82,256;%%"
}

@Article{Deur:2004ti,
     author    = "Deur, A. and others",
     title     = "Experimental determination of the evolution of the Bjorken
                  integral at  low Q**2",
     journal   = "Phys. Rev. Lett.",
     volume    = "93",
     year      = "2004",
     pages     = "212001",
     eprint    = "hep-ex/0407007",
     SLACcitation  = "%%CITATION = HEP-EX/0407007;%%"
}

@Article{E97110,
     author    = "J.P. Chen, A. Deur and F. Garibaldi spokespersons",
 collaboration = "HallA",
     title     = "",
     journal   = "",
     volume    = "",
     year      = "",
     pages     = "",
     eprint    = "JLab E97-110",
     SLACcitation  = "%%CITATION = ;%%"
}

@Article{E03006,
     author    = "M. Battaglieri, A. Deur, R. De Vita and M. Ripani spokespersons",
 collaboration = "CLAS",
     title     = "",
     journal   = "",
     volume    = "",
     year      = "",
     pages     = "",
     eprint    = "JLab E03-006",
     SLACcitation  = "%%CITATION = ;%%"
}

@Article{Bloom:1970xb,
     author    = "Bloom, Elliott D. and Gilman, Frederick J.",
     title     = "SCALING, DUALITY, AND THE BEHAVIOR OF RESONANCES IN
                  INELASTIC ELECTRON - PROTON SCATTERING",
     journal   = "Phys. Rev. Lett.",
     volume    = "25",
     year      = "1970",
     pages     = "1140",
     SLACcitation  = "%%CITATION = PRLTA,25,1140;%%"
}

@Article{Bloom:1971ye,
     author    = "Bloom, Elliott D. and Gilman, Frederick J.",
     title     = "SCALING AND THE BEHAVIOR OF NUCLEON RESONANCES IN INELASTIC
                  ELECTRON - NUCLEON SCATTERING",
     journal   = "Phys. Rev.",
     volume    = "D4",
     year      = "1971",
     pages     = "2901",
     SLACcitation  = "%%CITATION = PHRVA,D4,2901;%%"
}

@Article{Niculescu:2000tk,
     author    = "Niculescu, I. and others",
     title     = "Experimental verification of quark hadron duality",
     journal   = "Phys. Rev. Lett.",
     volume    = "85",
     year      = "2000",
     pages     = "1186-1189",
     SLACcitation  = "%%CITATION = PRLTA,85,1186;%%"
}

@Article{Amarian:2003jy,
     author    = "Amarian, M. and others",
 collaboration = "Jefferson Lab E94-010",
     title     = "Q**2 evolution of the neutron spin structure moments using
                  a He-3  target",
     journal   = "Phys. Rev. Lett.",
     volume    = "92",
     year      = "2004",
     pages     = "022301",
     eprint    = "hep-ex/0310003",
     SLACcitation  = "%%CITATION = HEP-EX/0310003;%%"
}



@Article{Bosted:2006gp,
     author    = "Bosted, P. E. and others",
 collaboration = "CLAS",
     title     = "Quark-hadron duality in spin structure functions g1(p) and
                  g1(d)",
     journal   = "Phys. Rev.",
     volume    = "C75",
     year      = "2007",
     pages     = "035203",
     eprint    = "hep-ph/0607283",
     SLACcitation  = "%%CITATION = HEP-PH/0607283;%%"
}

@Article{E01-012,
     author    = "P. Solvigon",
 collaboration = "",
     title     = "",
     journal   = "Contribution to the proceedings of the First 
Workshop on Quark-Hadron Duality and the Transition to pQCD. A. Fantoni, 
S. Luiti and O. Rondon ed. World Scientific",
     volume    = "",
     year      = "2006",
     pages     = "",
     eprint    = "",
     SLACcitation  = "%%CITATION = ;%%"
}


@Article{ERIC,
     author    = "Christy, M. E. and others",
 collaboration = "E94-110 Collaboration",
     title     = "in preparation.",
     journal   = "",
     volume    = "",
     year      = "",
     pages     = "",
     eprint    = "",
     SLACcitation  = "%%CITATION = ;%%"
}

@Article{Simula:2003vf,
     author    = "Simula, S. and Osipenko, M.",
     title     = "New extraction of alpha(s)(M(Z)) from proton DIS data",
     journal   = "Nucl. Phys.",
     volume    = "B675",
     year      = "2003",
     pages     = "289-308",
     eprint    = "hep-ph/0306260",
     SLACcitation  = "%%CITATION = HEP-PH/0306260;%%"
}

@Article{alpha,
     author    = "Bethke, S.",
 collaboration = "",
     title     = "",
     journal   = "$\alpha_S$ 2002 High-Energy Physics Int'l 
Conference in Quantum Chromodynamics, Montpellier (France)",
     volume    = "",
     year      = "2002",
     pages     = "",
     eprint    = "",
     SLACcitation  = "%%CITATION = ;%%"
}

@Article{GDH04,
     author    = "Helbing, K.",
 collaboration = "",
     title     = "",
     journal   = "Talk at GDH04",
     volume    = "",
     year      = "",
     pages     = "",
     eprint    = "",
     SLACcitation  = "%%CITATION = ;%%"
}

@Article{SLACGDH,
     author    = "",
 collaboration = "SLAC E159, www.slac.stanford.edu/exp/e159/prop.pdf",
     title     = "",
     journal   = "",
     volume    = "",
     year      = "",
     pages     = "",
     eprint    = "",
     SLACcitation  = "%%CITATION = ;%%"
}

@Article{DeRujula:1976tz,
     author    = "De Rujula, Alvaro and Georgi, Howard and Politzer, H. David
                  ",
     title     = "DEMYTHIFICATION OF ELECTROPRODUCTION, LOCAL DUALITY AND
                  PRECOCIOUS SCALING",
     journal   = "Ann. Phys.",
     volume    = "103",
     year      = "1977",
     pages     = "315",
     SLACcitation  = "%%CITATION = APNYA,103,315;%%"
}

@Article{Isgur:2001bt,
     author    = "Isgur, Nathan and Jeschonnek, Sabine. and Melnitchouk, W.
                  and Van Orden, J. W.",
     title     = "Quark hadron duality in structure functions",
     journal   = "Phys. Rev.",
     volume    = "D64",
     year      = "2001",
     pages     = "054005",
     eprint    = "hep-ph/0104022",
     SLACcitation  = "%%CITATION = HEP-PH/0104022;%%"
}








