
@Article{Ji:1996nm,
     author    = "Ji, Xiang-Dong",
     title     = "Deeply-virtual Compton scattering",
     journal   = "Phys. Rev.",
     volume    = "D55",
     year      = "1997",
     pages     = "7114-7125",
     eprint    = "hep-ph/9609381",
     SLACcitation  = "%%CITATION = HEP-PH 9609381;%%"
}


@Article{Ji:1996ek,
     author    = "Ji, Xiang-Dong",
     title     = "Gauge invariant decomposition of nucleon spin",
     journal   = "Phys. Rev. Lett.",
     volume    = "78",
     year      = "1997",
     pages     = "610-613",
     eprint    = "hep-ph/9603249",
     SLACcitation  = "%%CITATION = HEP-PH 9603249;%%"
}

@Article{Belitsky:2001ns,
     author    = "Belitsky, Andrei V. and Mueller, Dieter and Kirchner, A.",
     title     = "Theory of deeply virtual Compton scattering on the
                  nucleon",
     journal   = "Nucl. Phys.",
     volume    = "B629",
     year      = "2002",
     pages     = "323-392",
     eprint    = "hep-ph/0112108",
     SLACcitation  = "%%CITATION = HEP-PH 0112108;%%"
}

@Article{Ji:1997gm,
     author    = "Ji, Xiang-Dong and Melnitchouk, W. and Song, X.",
     title     = "A study of off-forward parton distributions",
     journal   = "Phys. Rev.",
     volume    = "D56",
     year      = "1997",
     pages     = "5511-5523",
     eprint    = "hep-ph/9702379",
     SLACcitation  = "%%CITATION = HEP-PH 9702379;%%"}

@Article{Radyushkin:1996nd,
     author    = "Radyushkin, A. V.",
     title     = "Scaling Limit of Deeply Virtual Compton Scattering",
     journal   = "Phys. Lett.",
     volume    = "B380",
     year      = "1996",
     pages     = "417-425",
     eprint    = "hep-ph/9604317",
     SLACcitation  = "%%CITATION = HEP-PH 9604317;%%"
}

@Article{Radyushkin:1997ki,
     author    = "Radyushkin, A. V.",
     title     = "Nonforward parton distributions",
     journal   = "Phys. Rev.",
     volume    = "D56",
     year      = "1997",
     pages     = "5524-5557",
     eprint    = "hep-ph/9704207",
     SLACcitation  = "%%CITATION = HEP-PH 9704207;%%"
}

@Article{Stepanyan:2001sm,
     author    = "Stepanyan, S. and others",
 collaboration = "CLAS",
     title     = "First observation of exclusive deeply virtual Compton
                  scattering in  polarized electron beam asymmetry
                  measurements",
     journal   = "Phys. Rev. Lett.",
     volume    = "87",
     year      = "2001",
     pages     = "182002",
     eprint    = "hep-ex/0107043",
     SLACcitation  = "%%CITATION = HEP-EX 0107043;%%"
}


@Article{Mueller:1998fv,
     author    = "Mueller, Dieter and Robaschik, D. and Geyer, B. and Dittes,
                  F. M. and Horejsi, J.",
     title     = "Wave functions, evolution equations and evolution kernels
                  from light-ray operators of {QCD}",
     journal   = "Fortschr. Phys.",
     volume    = "42",
     year      = "1994",
     pages     = "101",
     eprint    = "hep-ph/9812448",
     SLACcitation  = "%%CITATION = HEP-PH 9812448;%%"
}



@Article{Collins:1996fb,
     author    = "Collins, John C. and Frankfurt, Leonid and Strikman, Mark",
     title     = "Factorization for hard exclusive electroproduction of
                  mesons in QCD",
     journal   = "Phys. Rev.",
     volume    = "D56",
     year      = "1997",
     pages     = "2982-3006",
     eprint    = "hep-ph/9611433",
     SLACcitation  = "%%CITATION = HEP-PH 9611433;%%"
}

@Article{Petrov:1998kf,
     author    = "Petrov, V. Yu. and others",
     title     = "Off-forward quark distributions of the nucleon in the large
                  N(c) limit",
     journal   = "Phys. Rev.",
     volume    = "D57",
     year      = "1998",
     pages     = "4325-4333",
     eprint    = "hep-ph/9710270",
     SLACcitation  = "%%CITATION = HEP-PH 9710270;%%"
}

@Article{Diehl:1998kh,
     author    = "Diehl, M. and Feldmann, T. and Jakob, R. and Kroll, P.",
     title     = "Linking parton distributions to form factors and Compton
                  scattering",
     journal   = "Eur. Phys. J.",
     volume    = "C8",
     year      = "1999",
     pages     = "409-434",
     eprint    = "hep-ph/9811253",
     SLACcitation  = "%%CITATION = HEP-PH 9811253;%%"
}

@Article{Radyushkin:1998bz,
     author    = "Radyushkin, A. V.",
     title     = "Symmetries and structure of skewed and double
                  distributions",
     journal   = "Phys. Lett.",
     volume    = "B449",
     year      = "1999",
     pages     = "81-88",
     eprint    = "hep-ph/9810466",
     SLACcitation  = "%%CITATION = HEP-PH 9810466;%%"
}

@Article{Vanderhaeghen:1999xj,
     author    = "Vanderhaeghen, M. and Guichon, P. A. M. and Guidal, M.",
     title     = "Deeply virtual electroproduction of photons and mesons on
                  the nucleon:  Leading order amplitudes and power
                  corrections",
     journal   = "Phys. Rev.",
     volume    = "D60",
     year      = "1999",
     pages     = "094017",
     eprint    = "hep-ph/9905372",
     SLACcitation  = "%%CITATION = HEP-PH 9905372;%%"
}


@Article{Gronberg:1997fj,
     author    = "Gronberg, J. and others",
 collaboration = "CLEO",
     title     = "Measurements of the meson photon transition form factors of
                  light  pseudoscalar mesons at large momentum transfer",
     journal   = "Phys. Rev.",
     volume    = "D57",
     year      = "1998",
     pages     = "33-54",
     eprint    = "hep-ex/9707031",
     SLACcitation  = "%%CITATION = HEP-EX 9707031;%%"
}

@Article{Musatov:1997pu,
     author    = "Musatov, I. V. and Radyushkin, A. V.",
     title     = "Transverse momentum and Sudakov effects in exclusive QCD
                  processes:  gamma* gamma pi0 form factor",
     journal   = "Phys. Rev.",
     volume    = "D56",
     year      = "1997",
     pages     = "2713-2735",
     eprint    = "hep-ph/9702443",
     SLACcitation  = "%%CITATION = HEP-PH 9702443;%%"
}

@Article{Diehl:1997bu,
     author    = "Diehl, Markus and Gousset, Thierry and Pire, Bernard and
                  Ralston, John P.",
     title     = "Testing the handbag contribution to exclusive virtual
                  Compton  scattering",
     journal   = "Phys. Lett.",
     volume    = "B411",
     year      = "1997",
     pages     = "193-202",
     eprint    = "hep-ph/9706344",
     SLACcitation  = "%%CITATION = HEP-PH 9706344;%%"
}

@Article{Airapetian:2001yk,
     author    = "Airapetian, A. and others",
 collaboration = "HERMES",
     title     = "Measurement of the beam spin azimuthal asymmetry associated
                  with  deeply-virtual Compton scattering",
     journal   = "Phys. Rev. Lett.",
     volume    = "87",
     year      = "2001",
     pages     = "182001",
     eprint    = "hep-ex/0106068",
     SLACcitation  = "%%CITATION = HEP-EX 0106068;%%"
}

@Article{d'Hose:2004kj,
     author    = "d'Hose, N. and Burtin, E. and Guichon, P. A. M. and
                  Marroncle, J.",
     title     = "Feasibility study of deeply virtual Compton scattering
                  using COMPASS at CERN",
     journal   = "Eur. Phys. J.",
     volume    = "A19",
     year      = "2004",
     pages     = "Suppl147-53",
     SLACcitation  = "%%CITATION = EPHJA,A19,SUPPL147;%%"
}

@Article{Kivel:2000fg,
     author    = "Kivel, N. and Polyakov, Maxim V. and Vanderhaeghen, M.",
     title     = "DVCS on the nucleon: Study of the twist-3 effects",
     journal   = "Phys. Rev.",
     volume    = "D63",
     year      = "2001",
     pages     = "114014",
     eprint    = "hep-ph/0012136",
     SLACcitation  = "%%CITATION = HEP-PH 0012136;%%"
}

@Article{Burkardt:2002hr,
     author    = "Burkardt, Matthias",
     title     = "Impact parameter space interpretation for generalized
                  parton  distributions",
     journal   = "Int. J. Mod. Phys.",
     volume    = "A18",
     year      = "2003",
     pages     = "173-208",
     eprint    = "hep-ph/0207047",
     SLACcitation  = "%%CITATION = HEP-PH 0207047;%%"
}


@Article{Ralston:2001xs,
     author    = "Ralston, John P. and Pire, Bernard",
     title     = "Femto-photography of protons to nuclei with deeply virtual
                  Compton  scattering",
     journal   = "Phys. Rev.",
     volume    = "D66",
     year      = "2002",
     pages     = "111501",
     eprint    = "hep-ph/0110075",
     SLACcitation  = "%%CITATION = HEP-PH 0110075;%%"
}

@Article{Filippone:2001ux,
     author    = "Filippone, B. W. and Ji, Xiang-Dong",
     title     = "The spin structure of the nucleon",
     journal   = "Adv. Nucl. Phys.",
     volume    = "26",
     year      = "2001",
     pages     = "1",
     eprint    = "hep-ph/0101224",
     SLACcitation  = "%%CITATION = HEP-PH 0101224;%%"
}

@Article{Goeke:2001tz,
     author    = "Goeke, K. and Polyakov, Maxim V. and Vanderhaeghen, M.",
     title     = "Hard exclusive reactions and the structure of hadrons",
     journal   = "Prog. Part. Nucl. Phys.",
     volume    = "47",
     year      = "2001",
     pages     = "401-515",
     eprint    = "hep-ph/0106012",
     SLACcitation  = "%%CITATION = HEP-PH 0106012;%%"
}

@Article{Diehl:2003ny,
     author    = "Diehl, M.",
     title     = "Generalized parton distributions",
     journal   = "Phys. Rept.",
     volume    = "388",
     year      = "2003",
     pages     = "41-277",
     eprint    = "hep-ph/0307382",
     SLACcitation  = "%%CITATION = HEP-PH 0307382;%%"
}

@Article{Ji:2004gf,
     author    = "Ji, X.",
     title     = "Generalized parton distributions",
     journal   = "Ann. Rev. Nucl. Part. Sci.",
     volume    = "54",
     year      = "2004",
     pages     = "413-450",
     SLACcitation  = "%%CITATION = ARNUA,54,413;%%"
}

@Article{Kroll:2004bc,
     author    = "Kroll, P.",
     title     = "Generalized parton distributions: Analysis and
                  applications",
     journal   = "Prog. Part. Nucl. Phys.",
     volume    = "55",
     year      = "2005",
     pages     = "281-292",
     eprint    = "hep-ph/0412169",
     SLACcitation  = "%%CITATION = HEP-PH 0412169;%%"
}

@Article{HERAUT,
     author    = "",
collaboration  = "HERMES collaboration, in preparation", 
     title     = "",
     journal   = "",
     volume    = "",
     year      = "",
     pages     = "",
     eprint    = "",
     SLACcitation  = "%%;%%"
}
@Article{hermesrho,
     author    =  "Dreschler, J." ,
collaboration  = "HERMES", 
     title     = "",
     journal   = "AIP Conf. Proc. PANIC",
     volume    = "842",
     year      = "2005",
     pages     = "375",
     eprint    = "",
     SLACcitation  = "%%;%%"
}
@Article{Belitsky:2003tm,
     author    = "Belitsky, Andrei V.",
     title     = "Renormalons in exclusive meson electroproduction",
     journal   = "AIP Conf. Proc.",
     volume    = "698",
     year      = "2004",
     pages     = "607-611",
     eprint    = "hep-ph/0307256",
     SLACcitation  = "%%CITATION = HEP-PH 0307256;%%"
}
@Article{Frankfurt:1999fp,
     author    = "Frankfurt, L. L. and Pobylitsa, P. V. and Polyakov, Maxim
                  V. and Strikman, M.",
     title     = "Hard exclusive pseudoscalar meson electroproduction and
                  spin structure  of a nucleon",
     journal   = "Phys. Rev.",
     volume    = "D60",
     year      = "1999",
     pages     = "014010",
     eprint    = "hep-ph/9901429",
     SLACcitation  = "%%CITATION = HEP-PH 9901429;%%"
}
@Article{Belitsky:2001nq,
     author    = "Belitsky, Andrei V. and Mueller, Dieter",
     title     = "Hard exclusive meson production at next-to-leading order",
     journal   = "Phys. Lett.",
     volume    = "B513",
     year      = "2001",
     pages     = "349-360",
     eprint    = "hep-ph/0105046",
     SLACcitation  = "%%CITATION = HEP-PH 0105046;%%"
}


@Article{Martin:2002aw,
     author    = "Martin, A. D. and Roberts, R. G. and Stirling, W. J. and
                  Thorne, R. S.",
     title     = "Uncertainties of predictions from parton distributions. I:
                  Experimental errors. ((T))",
     journal   = "Eur. Phys. J.",
     volume    = "C28",
     year      = "2003",
     pages     = "455-473",
     eprint    = "hep-ph/0211080",
     SLACcitation  = "%%CITATION = HEP-PH 0211080;%%"
}

@Article{Pumplin:2002vw,
     author    = "Pumplin, J. and others",
     title     = "New generation of parton distributions with uncertainties
                  from global  QCD analysis",
     journal   = "JHEP",
     volume    = "07",
     year      = "2002",
     pages     = "012",
     eprint    = "hep-ph/0201195",
     SLACcitation  = "%%CITATION = HEP-PH 0201195;%%"
}

@Article{Chen:2006na,
     author    = "Chen, S. and Avakian, H. and Burkert, V. and Eugenio, P.",
 collaboration = "CLAS",
     title     = "Measurement of deeply virtual Compton scattering with a
                  polarized proton target",
     year      = "2006",
     eprint    = "hep-ex/0605012",
     SLACcitation  = "%%CITATION = HEP-EX 0605012;%%"
}


@Article{Kopytin:2005vv,
     author    = "Kopytin, M.",
 collaboration = "HERMES",
     title     = "Measurement of deeply virtual Compton scattering at
                  HERMES",
     journal   = "AIP Conf. Proc.",
     volume    = "792",
     year      = "2005",
     pages     = "424-427",
     SLACcitation  = "%%CITATION = APCPC,792,424;%%"
}

@Article{JLabExp:E05-114, 
     author   = "Biselli, A. and Elouadrhiri, L. and Joo, K. and Niccolai, S.",
collaboration = "CLAS", 
     title    = "Deeply Virtual Compton Scattering at $6$~GeV with polarized target 
                 and polarized beam using the CLAS Detector",
     journal  = "JLab Experiment E05-114",
     volume   = "",
     pages    = "",
     year     = "2005"
}

@Article{JLabExp:E01-113, 
     author   = "Burkert, V. and Elouadrhiri, L. and Gar\c{c}on, M. and Stepanyan, S.",
collaboration = "CLAS", 
     title    = "Deeply Virtual Compton Scattering with CLAS at $6$~GeV",
     journal  = "JLab Experiment E01-113",
     volume   = "",
     pages    = "",
     year     = "2001"
}

@Article{JLabExp:E06-003, 
     author   = "Burkert, V. and Elouadrhiri, L. and Gar\c{c}on, M. and Niyazov, R. and Stepanyan, S.",
collaboration = "CLAS", 
     title    = "Deeply Virtual Compton Scattering with CLAS at $6$~GeV",
     journal  = "JLab Experiment E06-003",
     volume   = "",
     pages    = "",
     year     = "2003"
}

@Article{JLabExp:E00-110, 
     author   = "Bertin, P. and Hyde-Wright, C. and Ransome, R. and Sabati\'e, F. and others",
collaboration = "Hall A", 
     journal  = "JLab Experiment E00-110",
     volume   = "",
     pages    = "",
     year     = "2000"
}


@Article{JLabExp:E03-106, 
     author   = "Bertin, P. and Hyde-Wright, C. and Sabati\'e, F. and Voutier, E and others",
collaboration = "Hall A", 
     journal  = "JLab Experiment E03-116",
     volume   = "",
     pages    = "",
     year     = "2003"
}

@Article{JLabExp:E99-105, 
     author   = "Guidal, M. and Gar\c{c}on, M. and Smith, E.",
collaboration = "CLAS", 
     journal  = "JLab Experiment E99-105",
     volume   = "",
     pages    = "",
     year     = "1999"
}

@Article{Keith:2003ca,
     author    = "Keith, C. D. and others",
     title     = "A polarized target for the CLAS detector",
     journal   = "Nucl. Instrum. Meth.",
     volume    = "A501",
     year      = "2003",
     pages     = "327-339",
     SLACcitation  = "%%CITATION = NUIMA,A501,327;%%"
}

@Article{gagik, 
     author   = "Gavalyan, G. and others",
collaboration = "CLAS", 
     journal  = "CLAS-ANALYSIS note in review",
     volume   = "",
     pages    = "",
     year     = "2006"
}

@Article{harutana, 
     author   = "Avakian, H. and others",
collaboration = "CLAS", 
     journal  = "CLAS-ANALYSIS note in review",
     volume   = "",
     pages    = "",
     year     = "2006"
}

@Article{Niy05, 
     author   = "Niyazov, R. and Stepanyan, S.",
collaboration = "CLAS", 
     journal  = "CLAS-NOTE 2005-021",
     volume   = "",
     pages    = "",
     year     = "2005"
}


@Article{Gir05b, 
     author   = "Girod, F.-X.",
collaboration = "CLAS", 
     journal  = "CLAS-NOTE 2005-023",
     volume   = "",
     pages    = "",
     year     = "2005"
}

@Article{Gir05a, 
     author   = "Girod, F.-X. and Gar\c{c}on, M.",
collaboration = "CLAS", 
     journal  = "CLAS-NOTE 2005-001",
     volume   = "",
     pages    = "",
     year     = "2005"
}

@Article{MG-COD, 
     author   = "Vanderhaeghen, M. and Guidal, M. and Guichon, P. and Moss\'e, L.",
     journal  = "Computer Codes for DVCS and BH Calculations, Private Communications",
     volume   = "",
     pages    = "",
     year     = "2006"
}


@Article{vpk, 
     author   = "Kubarovsky, V.",
     journal  = "Communication to the DVCS working group, unpublished",
     volume   = "",
     pages    = "",
     year     = "2006"
}

@Article{latifa, 
     author   = "Elouadrhiri, L.",
     journal  = "An overview of the CLAS12 spectrometer",
     volume   = "",
     pages    = "",
     year     = "2006"
}


@Article{FastMC, 
     author   = "Mestayer, M. and Mikhaylov, K. and Avakian, H. and others",
     journal  = "FastMC fast detector simulation program for CLAS12, unpublished",
     volume   = "",
     pages    = "",
     year     = "2006"
}


@Article{clas12DVCS, 
     author  = "Avakian, H.", 
     journal  = "clas12DVCS computer program for DVCS/BH and single $\pi^{0}$ event simulations, unpublished", 
     year     = "2005"
}

@Article{Airapetian:2006zr,
     author    = "Airapetian, A. and others",
 collaboration = "HERMES",
     title     = "The beam-charge azimuthal asymmetry and deeply virtual
                  Compton  scattering",
     year      = "2006",
     eprint    = "hep-ex/0605108",
     SLACcitation  = "%%CITATION = HEP-EX 0605108;%%"
}

@Article{Chekanov:2003ya,
     author    = "Chekanov, S. and others",
 collaboration = "ZEUS",
     title     = "Measurement of deeply virtual Compton scattering at HERA",
     journal   = "Phys. Lett.",
     volume    = "B573",
     year      = "2003",
     pages     = "46-62",
     eprint    = "hep-ex/0305028",
     SLACcitation  = "%%CITATION = HEP-EX 0305028;%%"
}

@Article{Adloff:2001cn,
     author    = "Adloff, C. and others",
 collaboration = "H1",
     title     = "Measurement of deeply virtual Compton scattering at HERA",
     journal   = "Phys. Lett.",
     volume    = "B517",
     year      = "2001",
     pages     = "47-58",
     eprint    = "hep-ex/0107005",
     SLACcitation  = "%%CITATION = HEP-EX 0107005;%%"
}


