@Article{clas3pi,
     author    = "Ripani, M. and others",
     collaboration = "CLAS",
     title     = " ",
     journal   = "Phys. Rev. Lett.",
     volume    = "91",
     year      = "2003",
     pages     = "022002",
     eprint    = " ",
     SLACcitation  = "%%CITATION = HEP-PH ;%%"
}

@Article{clas-d, 
     author    = "Stepanyan, S. and others",
     collaboration = "CLAS",
     title     = " ",
     journal   = "Phys. Rev. Lett.",
     volume    = "91",
     year      = "2003",
     pages     = "25001",
     eprint    = " ",
     SLACcitation  = "%%CITATION = HEP-PH ;%%"
}

@Article{clas-p,  
     author    = "Kubarovsky, V. and others",
     collaboration = "CLAS",
     title     = " ",
     journal   = "Phys. Rev. Lett.",
     volume    = "92",
     year      = "2004",
     pages     = "032001",
     eprint    = " ",
     SLACcitation  = "%%CITATION = HEP-PH ;%%"
}

@Article{Tho01,  
     author    = "Thompson, R. and others",
     collaboration = "CLAS",
     title     = " ",
     journal   = "Phys. Rev. Lett.",
     volume    = "86",
     year      = "2001",
     pages     = "1702",
     eprint    = " ",
     SLACcitation  = "%%CITATION = HEP-PH ;%%"
}

@Article{McN04,    
     author    = "McNabb, J. W. C. and others",
     collaboration = "CLAS",
     title     = " ",
     journal   = "Phys. Rev. C",
     volume    = "69",
     year      = "2004",
     pages     = "042201R",
     eprint    = " ",
     SLACcitation  = "%%CITATION = HEP-PH ;%%"
}

@Article{Pri04,   
     author    = "Price, J. W. and others",
     collaboration = "CLAS",
     title     = " ",
     journal   = "Phys. Rev. C",
     volume    = "71",
     year      = "2005",
     pages     = "058201",
     eprint    = " ",
     SLACcitation  = "%%CITATION = HEP-PH ;%%"
}

@Article{Guo07,
     author    = "Guo, L. and others",
     collaboration = "CLAS",
     title     = " ",
     journal   = "Phys. Rev. C",
     volume    = "",
     year      = "2007",
     pages     = " ",
     eprint    = "nucl-ex/0702027",
     SLACcitation  = "%%CITATION = HEP-PH ;%%"
}

@Article{strangeness, 
     author    = "Ambrozewicz, P. and others",
     collaboration = "CLAS",
     title     = " ",
     journal   = "Phys. Rev. C",
     volume    = "75",
     year      = "2007",
     pages     = "045203",
     eprint    = " ",
     SLACcitation  = "%%CITATION = HEP-PH ;%%"
}

@Article{Dom69, 
     author    = "Dombey, N.",
     title     = " ",
     journal   = "Rev. Mod. Phys.",
     volume    = "41",
     year      = "1969",
     pages     = "236",
     eprint    = " ",
     SLACcitation  = "%%CITATION = HEP-PH ;%%"
}

@Article{morningstar, 
     author    = "Morningstar, C.",
     title     = " ",
     journal   = "AIP Conf. Proc.",
     volume    = "698",
     year      = "2003",
     pages     = "530",
     eprint    = " ",
     SLACcitation  = "%%CITATION = HEP-PH ;%%"
}

@Article{mathur,
     author    = "Mathur, N. and others",
     title     = " ",
     journal   = "Phys. Lett. B",
     volume    = "605",
     year      = "2005",
     pages     = "137",
     eprint    = " ",
     SLACcitation  = "%%CITATION = HEP-PH ;%%"
}

@Article{barrow, 
     author    = "Barrow, S. P.",
     collaboration = "CLAS",
     title     = " ",
     journal   = "Phys. Rev. C",
     volume    = "64",
     year      = "2001",
     pages     = "044601",
     eprint    = " ",
     SLACcitation  = "%%CITATION = HEP-PH ;%%"
}

@Article{Is85, 
     author    = "Isgur, N. and Paton, J.",
     title     = " ",
     journal   = "Phys. Rev. D",
     volume    = "31",
     year      = "1985",
     pages     = "2910",
     eprint    = " ",
     SLACcitation  = "%%CITATION = HEP-PH ;%%"
}

@Article{Ko85,   
     author    = "Isgur, N. and Kokoski, R. and Paton, J.",
     title     = " ",
     journal   = "Phys. Rev. Lett.",
     volume    = "54",
     year      = "1985",
     pages     = "869",
     eprint    = " ",
     SLACcitation  = "%%CITATION = HEP-PH ;%%"
}

@misc{stephe4, 
     author    = "Stepanyan, S. and others ",
     title     = "{JL}ab {E}xperiment {E}07-009",
     year      = "2007"
}

@misc{Ad01,
     author    = "Adams, G. S. and Salgado, C. W. and Weygand, D. P.",
     title     = "{JL}ab {E}xperiment {E}01-017",
     year      = "2001"
}

@Article{Bur1, 
     author    = "Burkert, V. and Lee, T.S.-H.",
     title     = " ",
     journal   = "Int. J. Mod. Phys. E",
     volume    = "13",
     year      = "2004",
     pages     = "1035",
     eprint    = " ",
     SLACcitation  = "%%CITATION = HEP-PH ;%%"
}

@Article{Joo02, 
     author    = "Joo, K. and others",
     collaboration = "CLAS",
     title     = " ",
     journal   = "Phys. Rev. Lett.",
     volume    = "88",
     year      = "2002",
     pages     = "122001",
     eprint    = " ",
     SLACcitation  = "%%CITATION = HEP-PH ;%%"
}

@Article{Lee04, 
     author    = "Sato, T. and Lee, T.-S.H. and Nakamura, T.",
     title     = " ",
     journal   = " ",
     volume    = " ",
     year      = "2004",
     pages     = " ",
     eprint    = "nucl-th/0411013",
     SLACcitation  = "%%CITATION = HEP-PH ;%%"
}

@Article{Bha03, 
     author    = "Bhagwat, M.S.",
     title     = " ",
     journal   = "Phys. Rev. C",
     volume    = "68",
     year      = "2003",
     pages     = "015203",
     eprint    = " ",
     SLACcitation  = "%%CITATION = HEP-PH ;%%"
}

@Article{Bow02, 
     author    = "Bowman, P.O.",
     title     = " ",
     journal   = " ",
     volume    = " ",
     year      = "2002",
     pages     = " ",
     eprint    = "hep-lat/0209129",
     SLACcitation  = "%%CITATION = HEP-PH ;%%"
}

@Article{Tak04, 
     author    = "Takahashi, T.T. and Suganuma, H.",
     title     = " ",
     journal   = "Phys. Rev. D",
     volume    = "70",
     year      = "2004",
     pages     = "074506",
     eprint    = " ",
     SLACcitation  = "%%CITATION = HEP-PH ;%%"
}

@Article{pdg,
     author    = "Review of Particle Physics",
     title     = " ",
     journal   = "Phys. Lett. B",
     volume    = "592",
     year      = "2004",
     pages     = "1",
     eprint    = " ",
     SLACcitation  = "%%CITATION = HEP-PH ;%%"
}

@Article{jlab-lat1, 
     author    = "Basak, S and others",
     collaboration = "LHP",
     title     = " ",
     journal   = " ",
     volume    = " ",
     year      = "2004",
     pages     = " ",
     eprint    = "hep-lat/0409082",
     SLACcitation  = "%%CITATION = HEP-PH ;%%"
}

@Article{jlab-lat2, 
     author    = "Basak, S. and others",
     collaboration = "LHP",
     title     = " ",
     journal   = "Nucl. Phys. Proc. Suppl.",
     volume    = "129",
     year      = "2004",
     pages     = "209",
     eprint    = " ",
     SLACcitation  = "%%CITATION = HEP-PH ;%%"
}

@Article{jlab-lat3, 
     author    = "Edwards, R. and others",
     collaboration = "LHP",
     title     = " ",
     journal   = "Nucl. Phys. Proc. Suppl.",
     volume    = "129",
     year      = "2004",
     pages     = "236",
     eprint    = " ",
     SLACcitation  = "%%CITATION = HEP-PH ;%%"
}

@misc{eg3,
     author    = "Gothe, R. and Holtrop, M. and Smith, E. and Stepanyan, S.",
     title     = "{JL}ab {E}xperiment {E}04-010",
     year      = "2004"
}

