@proceedings{tdr,
     title     = "12 GeV Technical Design Report, Experimental Equipment 
                  for the Hall B Upgrade to 12 GeV, 
                  http://www.jlab.org/Hall-B/clas12/",
     year      = "2005"
}

@Article{kim,
     author    = "Kim, Y. D. and others",
     title     = " ",
     journal   = "Nucl. Inst. and Meth. A",
     volume    = "372",
     year      = "1996",
     pages     = "431",
     eprint    = " ",
     SLACcitation  = ""
}

@Article{chen,
     author    = "Chen, E. and Saulnier, M. and Sun, W. and Yamamoto, H.",
     title     = " ",
     journal   = " ",
     volume    = " ",
     year      = "1996",
     pages     = " ",
     eprint    = "hep-ex/9606007",
     SLACcitation  = ""
}

@Article{smith1,
     author    = "Smith, E. and others",
     title     = " ",
     journal   = "Nucl. Inst. and Meth. A",
     volume    = "432",
     year      = "1999",
     pages     = "265",
     eprint    = " ",
     SLACcitation  = ""
}

@proceedings{tof_note,
     title     = "For the forward-angle counters (15-cm wide) of the present 
                  {\tt CLAS} TOF we have $\lambda$=134~cm + 0.36$L$ and 
                  $\lambda$=430~cm for the large-angle scintillators 
                  (22-cm wide), $\sigma_0$=0.062~ns, $\sigma_1$=2.1~ns, 
                  $\sigma_P$=0.0118~ns/cm, and $N_{pe}$=1043.",
     year      = " "
}

@Article{smith2,
     author   = "Smith, E.S. and Jacobs, R.",
     journal  = "CLAS-Note 91-003",
     volume   = "",
     pages    = "",
     year     = "1991"
}

@proceedings{photonis,
     title     = "Photonis Imaging Sensors, http://www.photonis.com",
     year      = " "
}


