@Article{HOF,
     author    = "Hofstadter, R. and McAllister, R. W.",
     title     = " ",
     journal   = "Phys. Rev.",
     volume    = "98",
     year      = "1955",
     pages     = "183",
     eprint    = " ",
     SLACcitation  = "%%CITATION = HEP-PH ;%%"
}

@proceedings{scirev,
     title     = "Science Review of the Proposed 12 GeV CEBAF Upgrade for 
the Thomas Jefferson National Accelerator Facility, April 6-8, 2005, 
U.S. Department of Energy Office of Nuclear Physics",
     year      = "2005"
}

@Article{LB,
     author    = "Lepage, G. P. and Brodsky, S. J.", 
     title     = " ",
     journal   = "Phys. Rev. D",
     volume    = "22",
     year      = "1980",
     pages     = "2157",
     eprint    = " ",
     SLACcitation  = "%%CITATION = HEP-PH ;%%"
}

@Article{GEMJL1,
     author    = "Jones, M. K. and others", 
     title     = " ",
     journal   = "Phys. Rev. Lett.",
     volume    = "84",
     year      = "2000",
     pages     = "1398",
     eprint    = " ",
     SLACcitation  = "%%CITATION = HEP-PH ;%%",
}

@Article{GEMJL2,
     author    = "Gayou, O. and others", 
     title     = " ",
     journal   = "Phys. Rev. Lett.",
     volume    = "88",
     year      = "2002",
     pages     = "092301",
     eprint    = " ",
     SLACcitation  = "%%CITATION = HEP-PH ;%%"
}

@Article{GEN,
     author    = "Platchkov, S. and others", 
     title     = " ",
     journal   = "Nucl. Phys. A",
     volume    = "510",
     year      = "1990",
     pages     = "740",
     eprint    = " ",
     SLACcitation  = "%%CITATION = HEP-PH ;%%"
}

@Article{IKS,
     author    = "Isgur, N. and Karl, G. and Sprung, D. W. L.", 
     title     = " ",
     journal   = "Phys. Rev. D",
     volume    = "23",
     year      = "1981",
     pages     = "163",
     eprint    = " ",
     SLACcitation  = "%%CITATION = HEP-PH ;%%"
}

@Article{THOMAS,
     author    = "Thomas, A. W.", 
     title     = " ",
     journal   = "Adv. Nucl. Phys.",
     volume    = "13",
     year      = "1984",
     pages     = "1",
     eprint    = " ",
     SLACcitation  = "%%CITATION = HEP-PH ;%%"
}

@proceedings{LQCD,
     title     = "The Lattice Hadron Physics Collaboration, ``Nuclear 
                  Theory with Lattice QCD: A Proposal to use Lattice QCD to 
                  Understand the Structure and Interactions of Hadrons, 
                  submitted to the U.S. Dept. of Energy, March 2000.",
     year      = "2000"
}

@Article{BOSTED95,
     author    = "Bosted, P. E.", 
     title     = " ",
     journal   = "Phys. Rev. C",
     volume    = "51",
     year      = "1995",
     pages     = "409",
     eprint    = " ",
     SLACcitation  = "%%CITATION = HEP-PH ;%%"
}

@Article{chw1,
     author    = "Hyde-Wright, C. E. and deJager, K.", 
     title     = " ",
     journal   = "Ann. Rev. Nucl. Part. Sci.",
     volume    = "54",
     year      = "2004",
     pages     = "217",
     eprint    = " ",
     SLACcitation  = "%%CITATION = HEP-PH ;%%"
}

@Article{JI,
     author    = "Ji, X.",
     title     = " ",
     journal   = "J. Phys. G",
     volume    = "24",
     year      = "1998",
     pages     = "1181",
     eprint    = " ",
     SLACcitation  = "%%CITATION = HEP-PH ;%%"
}

@Article{RAD,
     author    = "Radyushkin, A. V.",
     title     = " ",
     journal   = "Phys. Rev. D",
     volume    = "56",
     year      = "1997",
     pages     = "5524",
     eprint    = " ",
     SLACcitation  = "%%CITATION = HEP-PH ;%%"
}

@Article{BG,   
     author    = "Bloom, E. D. and Gilman, F. J.",
     title     = " ",
     journal   = "Phys. Rev. Lett.",
     volume    = "16",
     year      = "1970",
     pages     = "1140",
     eprint    = " ",
     SLACcitation  = "%%CITATION = HEP-PH ;%%"
}
 
@Article{F2JL,
     author    = "Niculescu, I. and others", 
     title     = " ",
     journal   = "Phys. Rev. Lett.",
     volume    = "85",
     year      = "2000",
     pages     = "1186",
     eprint    = " ",
     SLACcitation  = "%%CITATION = HEP-PH ;%%"
}

@Article{RUJ,
     author    = "de R\'ujula, A. and Georgi, H. and Politzer, H. D.", 
     title     = " ",
     journal   = "Ann. Phys.",
     volume    = "103",
     year      = "1975",
     pages     = "315",
     eprint    = " ",
     SLACcitation  = "%%CITATION = HEP-PH ;%%"
}

@Article{JU,
     author    = "Ji, X. and Unrau, P.",
     title     = " ",
     journal   = "Phys. Rev. D",
     volume    = "52",
     year      = "1995",
     pages     = "72",
     eprint    = " ",
     SLACcitation  = "%%CITATION = HEP-PH ;%%"
}

@Article{JM,
     author    = "Ji, X. and Melnitchouk, W.", 
     title     = "",
     journal   = "Phys. Rev. D",
     volume    = "56",
     year      = "1997",
     pages     = "1",
     eprint    = "",
     SLACcitation  = "%%CITATION = HEP-PH ;%%"
}

@Article{DY,
     author    = "Drell, S. D. and Yan, T. -M.",
     title     = "",
     journal   = "Phys. Rev. Lett.",
     volume    = "24",
     year      = "1970",
     pages     = "181",
     eprint    = "",
     SLACcitation  = "%%CITATION = HEP-PH ;%%"
}

@Article{WEST,
     author    = "West, G. B.", 
     title     = "",
     journal   = "Phys. Rev. Lett.",
     volume    = "24",
     year      = "1970",
     pages     = "1206",
     eprint    = "",
     SLACcitation  = "%%CITATION = HEP-PH ;%%"
}

@Article{MEL,
     author    = "Melnitchouk, W.",
     title     = "",
     journal   = "Phys. Rev. Lett.",
     volume    = "86",
     year      = "2001",
     pages     = "35",
     eprint    = "",
     SLACcitation  = "%%CITATION = HEP-PH ;%%"
}

@Article{CM,
     author    = "Carlson, C. E. and Mukhopadhyay, N. C.",
     title     = "",
     journal   = "Phys. Rev. D",
     volume    = "58",
     year      = "1998",
     pages     = "094029",
     eprint    = "",
     SLACcitation  = "%%CITATION = HEP-PH ;%%"
}

@Article{Me05, 
     author    = "Melnitchouk, W. and Ent, R. and Keppel, C.",
     title     = "",
     journal   = "Phys. Rept.",
     volume    = "406",
     year      = "2005",
     pages     = "127",
     eprint    = "",
     SLACcitation  = "%%CITATION = HEP-PH ;%%"
}

@Article{burkert_lee_2004, 
     author    = "Burkert, V. D. and Lee, T. -S. H.",
     title     = "",
     journal   = "Int. J. Mod. Phys. E",
     volume    = "13",
     year      = "2004",
     pages     = "1035",
     eprint    = "",
     SLACcitation  = "%%CITATION = HEP-PH ;%%"
}

@Article{Ri05,
     author    = "Richards, D. G. and others", 
     title     = "",
     journal   = "J. Phys. Conf. Ser.",
     volume    = "9",
     year      = "2005",
     pages     = "238",
     eprint    = "",
     SLACcitation  = "%%CITATION = HEP-PH ;%%"
}

@Article{Me03, 
     author    = "Melnitchouk, W. and others", 
     title     = "",
     journal   = "Phys. Rev. D",
     volume    = "67",
     year      = "2003",
     pages     = "114506",
     eprint    = "",
     SLACcitation  = "%%CITATION = HEP-PH ;%%"
}

@Article{Burc04, 
     author    = "Burch, T. and others", 
     title     = "",
     journal   = "Phys. Rev. D",
     volume    = "70",
     year      = "2004",
     pages     = "054502",
     eprint    = "",
     SLACcitation  = "%%CITATION = HEP-PH ;%%"
}

@Article{alexandrou03, 
     author    = "Alexandrou, C. and others", 
     title     = "",
     journal   = "Phys. Rev. D",
     volume    = "69",
     year      = "2004",
     pages     = "114506",
     eprint    = "",
     SLACcitation  = "%%CITATION = HEP-PH ;%%"
}

@Article{alexandrou04, 
     author    = "Alexandrou, C. and others", 
     title     = "",
     journal   = "",
     volume    = "",
     year      = "2004",
     pages     = "",
     eprint    = "hep-lat/0409122",
     SLACcitation  = "%%CITATION = HEP-PH ;%%"
}

@Article{ichie02,
     author    = "Ichie, H. and others", 
     title     = "",
     journal   = "",
     volume    = "",
     year      = "2002",
     pages     = "",
     eprint    = "hep-lat/0212024",
     SLACcitation  = "%%CITATION = HEP-PH ;%%"
}

@Article{Ta04,
     author    = "Takahashi, T. T. and Suganuma, H.", 
     title     = "",
     journal   = "Phys. Rev. D",
     volume    = "70",
     year      = "2004",
     pages     = "074506",
     eprint    = "",
     SLACcitation  = "%%CITATION = HEP-PH ;%%"
}

@Article{Az90, 
     author    = "Aznauryan, I. G. and Oganessyan, K.", 
     title     = "",
     journal   = "Phys. Lett. B",
     volume    = "249",
     year      = "1990",
     pages     = "309",
     eprint    = "",
     SLACcitation  = "%%CITATION = HEP-PH ;%%"
}

@Article{Ca95, 
     author    = "Capstick, S. and Keister, B. D.", 
     title     = "",
     journal   = "Phys. Rev. D",
     volume    = "51",
     year      = "1995",
     pages     = "3598",
     eprint    = "",
     SLACcitation  = "%%CITATION = HEP-PH ;%%"
}

@Article{aiello98, 
     author    = "Aiello, M. and Giannini, M. M. and Santopinto, E.",
     title     = "",
     journal   = "J. Phys. G",
     volume    = "24",
     year      = "1998",
     pages     = "753",
     eprint    = "",
     SLACcitation  = "%%CITATION = HEP-PH ;%%"
}

@Article{CRob06,
     author    = "Holl, A. and Roberts, C. D. and Wright, S. V.",
     title     = "Hadron Physics and Dyson-Schwinger Equations",
     journal   = "",
     volume    = "",
     year      = "2006",
     pages     = "",
     eprint    = "nucl-th/0601071",
     SLACcitation  = "%%CITATION = HEP-PH ;%%"
}

@Article{me02, 
     author    = "Merten, D. and others", 
     title     = "",
     journal   = "Eur. Phys. J. A",
     volume    = "14",
     year      = "2002",
     pages     = "477",
     eprint    = "",
     SLACcitation  = "%%CITATION = HEP-PH ;%%"
}

@Article{Bu05, 
     author    = "Burkert, V. D.",
     title     = "",
     journal   = "Prog. Part. Nucl. Phys.",
     volume    = "55",
     year      = "2005",
     pages     = "108",
     eprint    = "",
     SLACcitation  = "%%CITATION = HEP-PH ;%%"
}

@Article{Lee06, 
     author    = "Matsuyama, A. and Sato, T. and Lee, T. -S. H.",
     title     = "",
     journal   = "",
     volume    = "",
     year      = "2006",
     pages     = "",
     eprint    = "nucl-th/0608051",
     SLACcitation  = "%%CITATION = HEP-PH ;%%"
}

@Article{Br04,
     author    = "Brodsky, S. J.", 
     title     = "",
     journal   = "",
     volume    = "",
     year      = "2004",
     pages     = "",
     eprint    = "hep-ph/0412101",
     SLACcitation  = "%%CITATION = HEP-PH ;%%"
}

@Article{Del00, 
     author    = "Del Debbio, L. and others", 
     title     = "",
     journal   = "Nucl. Phys. Proc. Suppl.",
     volume    = "83",
     year      = "2000",
     pages     = "235",
     eprint    = "",
     SLACcitation  = "%%CITATION = HEP-PH ;%%"
}

@Article{MBu02, 
     author    = "Burkardt, M. and Dalley, S.",
     title     = "",
     journal   = "Prog. Part. Nucl. Phys.",
     volume    = "48",
     year      = "2002",
     pages     = "317",
     eprint    = "",
     SLACcitation  = "%%CITATION = HEP-PH ;%%"
}

@Article{Pa85,
     author    = "Pauli, H. C. and Brodsky, S. J.",
     title     = "",
     journal   = "Phys. Rev. D",
     volume    = "32",
     year      = "1985",
     pages     = "2001",
     eprint    = "",
     SLACcitation  = "%%CITATION = HEP-PH ;%%"
}

@Article{hallA1, 
     author    = "Jones, M. K. and others", 
     title     = "",
     journal   = "Phys. Rev. Lett.",
     volume    = "84",
     year      = "2006",
     pages     = "1398",
     eprint    = "",
     SLACcitation  = "%%CITATION = HEP-PH ;%%"
}

@Article{hallA2, 
     author    = "Gayou, O. and others", 
     title     = "",
     journal   = "Phys. Rev. Lett.",
     volume    = "88",
     year      = "2002",
     pages     = "092301",
     eprint    = "",
     SLACcitation  = "%%CITATION = HEP-PH ;%%"
}

@proceedings{PAC30,
     title     = "PAC30 report, 
                  http://www.jlab.org/exp\_prog/PACpage/PAC30/PAC30\_report.pdf",
     year      = "2006"
}

@misc{E94-017,
     author    = "Brooks, W. and others",
     title     = "JLab Experiment E94-017",
     year      = "1994"
}

@misc{sj1,
     author    = "Jeschonnek, S.",
     title     = "private communication"
}

@misc{ha1,
     author    = "Arenhoevel, H.",
     title     = "private communication"
}

@phdthesis{jlthesis,  
     author    = "Lachniet, J. D.",
     title     = "A High Precision Measurement of the Neutron Magnetic Form 
                  Factor Using the CLAS Detector",
     school    = "Carnegie Mellon University",
     year      = "2005",
}

@Article{ROCK,
     author    = "Rock, S. and others", 
     title     = "",
     journal   = "Phys. Rev. Lett.",
     volume    = "49",
     year      = "1982",
     pages     = "1139",
     eprint    = "",
     SLACcitation  = "%%CITATION = HEP-PH ;%%"
}

@conference{Mo06,
     author    = "Mokeev, V. I.",
     title     = "Phenomenological Analysis of Recent CLAS Data on Double 
                  Charged Pion Photo and Electroproduction off the Proton",
     booktitle = "Talk at N*2005 Workshop, November 4-6 2005, Newport 
                  News, VA", 
     editor    = "Capstick, S. and Crede, V. and Eugenio, P.",
     publisher = "World Scientific",
     year      = "2005",
     pages     = "47"
}

@unpublished{Pr06, 
     author    = "Mokeev, V. I. and others",  
     title     = "{PAC}30 {CLAS} Proposal {PR}12-06-116, {N}ucleon 
                  {R}esonance {S}tudies with {CLAS}12 in the {T}ransition 
                  from {S}oft to {P}artonic {P}hysics, 
                  http://www.jlab.org/exp\_prog/proposals/06prop.html",
     note      = " "
}

@Article{Az03a, 
     author    = "Aznauryan, I. G.",
     title     = "",
     journal   = "Phys. Rev. C",
     volume    = "68",
     year      = "2003",
     pages     = "065204",
     eprint    = "",
     SLACcitation  = "%%CITATION = HEP-PH ;%%"
}

@Article{Az03b, 
     author    = "Aznauryan, I. G.",
     title     = "",
     journal   = "Phys. Rev. C",
     volume    = "67",
     year      = "2003",
     pages     = "015209",
     eprint    = "",
     SLACcitation  = "%%CITATION = HEP-PH ;%%"
}

@Article{Ri03,
     author    = "Ripani, M. and others", 
     title     = "",
     journal   = "Phys. Rev. Lett.",
     volume    = "91",
     year      = "2003",
     pages     = "022002",
     eprint    = "",
     SLACcitation  = "%%CITATION = HEP-PH ;%%"
}

@Article{Bu04, 
     author    = "Burkert, V. D. and Mokeev, V. I. and others", 
     title     = "",
     journal   = "Phys. Atom. Nucl.",
     volume    = "67",
     year      = "2004",
     pages     = "1940",
     eprint    = "",
     SLACcitation  = "%%CITATION = HEP-PH ;%%"
}

@Article{Az05, 
     author    = "Aznauryan, I. G. and others", 
     title     = "",
     journal   = "Phys. Rev. C",
     volume    = "72",
     year      = "2005",
     pages     = "045201",
     eprint    = "",
     SLACcitation  = "%%CITATION = HEP-PH ;%%"
}


